3394 5976
343 593 417 665 258
580 612 884 665 rourumuuvu
900 613 954 664 An
973 613 1142 665 rruvuus
1160 612 1435 666 rmvurusuus.

519 785 633 866 Caepio
655 805 708 847 our
729 787 896 848 censendus
918 788 958 846 sit
977 787 1151 865 proviueiee
1167 787 1344 864 praefuisse,
1366 789 1499 848 ostendit
1514 789 1655 850 Mommsen

520 891 701 952 Staotsreellt
720 887 756 948 22
782 911 811 970 p.
827 889 897 950 628.

388 1013 415 1054 u.
432 992 491 1052 648
523 990 560 1067 Q.
578 991 729 1053 Oeeuiliue
744 993 883 1052 Metellus
906 994 958 1070 qui
980 1000 1087 1068 postes
1105 990 1286 1052 Numidicus
1308 993 1476 1072 appellatus
1498 1007 1554 1066 est,
1574 1013 1656 1055 eonsu-

520 1097 615 1155 letum
640 1096 736 1174 gessit
760 1115 786 1153 u
804 1095 878 1154 645:
906 1095 945 1154 oi.
973 1095 1010 1153 de
1031 1113 1068 1154 eo
1090 1094 1129 1154 ed
1150 1094 1219 1155 sust.
1241 1112 1324 1154 eous.
1347 1115 1373 1154 e.
1390 1095 1449 1156 645
1473 1104 1506 1154 et
1525 1096 1654 1159 Drumuuu

521 1198 555 1271 2,
575 1197 625 1271 st,
646 1197 695 1256 23.
745 1197 794 1256 De
819 1199 909 1257 rebus
936 1197 974 1256 ab
1002 1216 1038 1256 eo
1066 1197 1098 1256 in
1125 1195 1272 1256 Numidis
1298 1199 1392 1274 gestis
1418 1199 1494 1257 dicit
1523 1197 1654 1260 Sallustius

521 1300 669 1380 Iugurtha
694 1299 733 1358 43
750 1318 813 1379 seq.
863 1299 1078 1376 Triumphum,
1111 1299 1149 1358 de
1180 1319 1240 1376 quo
1271 1302 1339 1379 ipse
1370 1302 1410 1360 ed
1436 1301 1580 1378 populum
1601 1304 1654 1363 dixit

522 1401 617 1478 (Geli.
641 1401 693 1475 12,
714 1401 747 1479 9)
774 1405 920 1481 cuiusque
941 1410 1099 1478 praeterea
1119 1404 1232 1462 mentio
1253 1411 1301 1462 eet
1321 1403 1402 1478 upud
1423 1402 1573 1463 Velleium
1589 1404 1615 1476 l,
1629 1408 1651 1464 11

523 1511 553 1565 et
573 1504 751 1584 Eutropium
767 1505 797 1578 4,
813 1504 863 1576 39,
884 1523 985 1564 errore
1006 1505 1150 1564 tributum
1172 1523 1239 1564 esse
1262 1524 1289 1564 e.
1303 1504 1362 1564 647
1384 1505 1433 1581 (ci
1460 1505 1586 1566 Fischer
1600 1509 1653 1565 Zet-

523 1609 612 1686 tuselu
632 1627 662 1686 p.
681 1607 754 1683 159)
777 1608 908 1666 ostendit
929 1608 1128 1687 fragmentum
1149 1607 1256 1685 hoo¹).

392 1728 420 1768 e.
437 1710 496 1770 648
527 1711 713 1786 Triumphus
727 1709 853 1771 Minucii
866 1709 938 1770 Rufi
960 1727 1021 1769 eos.
1044 1731 1071 1769 e.
1086 1709 1147 1769 644
1168 1719 1417 1770 commemoratur
1438 1731 1457 1770 a
1473 1712 1587 1771 Velleio
1599 1713 1620 1786 i,
1631 1715 1648 1772 l:

523 1813 657 1885 Minucii,
682 1817 733 1890 qui
749 1816 890 1889 porticus,
911 1831 986 1890 quae
1007 1813 1091 1871 lodie
1111 1813 1232 1873 celebres
1254 1824 1331 1884 sunt,
1351 1814 1467 1874 molitus
1491 1823 1541 1888 est,
1562 1835 1575 1874 e
1593 1816 1646 1876 Sor·

523 1917 611 1975 discis
644 1915 802 1992 otumptur
828 1916 898 1991 fuit.
950 1913 997 1974 De
1028 1916 1118 1974 rebus
1151 1915 1189 1976 ab
1220 1933 1256 1974 eo
1282 1917 1376 1992 gestis
1402 1915 1512 1976 Livius
1537 1919 1601 1994 epit.
1617 1919 1649 1976 ii:

523 2018 568 2076 M.
595 2017 743 2077 Minucius
766 2018 925 2094 proconsul
948 2019 1088 2076 udoersus
1114 2017 1241 2076 dirruens
1265 2037 1405 2094 prospere
1427 2024 1580 2096 pupeaeit3
1604 2020 1650 2078 Flo

523 2137 576 2179 rus
592 2121 620 2193 3,
636 2120 666 2194 4,
681 2121 714 2178 5:
737 2119 885 2178 Minucius
906 2129 963 2178 toto
981 2123 1106 2177 partuvit
1119 2118 1216 2179 Hebro
1232 2119 1442 2197 (Scordiscos),
1463 2123 1558 2181 multis
1571 2124 1652 2199 quidm

524 2225 649 2292 omissis,
671 2222 739 2280 dum
757 2241 812 2298 per
828 2223 972 2298 perfidum
990 2221 1085 2298 plueie
1099 2223 1208 2296 flumen
1229 2225 1387 2298 equitatur,
1410 2223 1448 2283 ef.
1473 2223 1544 2285 Sex.
1564 2223 1621 2283 llus.
1632 2223 1650 2281 1,

524 2323 574 2384 Ad
602 2321 777 2384 Scordiscos
804 2323 888 2383 eddit
909 2323 1064 2383 Triballos
1090 2323 1258 2401 Eutropius
1277 2325 1311 2397 4,
1328 2324 1382 2384 37:
1410 2344 1430 2384 a
1457 2325 1581 2385 Hirtuleio
1597 2327 1651 2402 liufo

524 2431 555 2486 iu
577 2427 750 2487 Macedonia
773 2423 922 2486 Scordisci
942 2437 969 2486 et
989 2426 1112 2486 Triballi
1229 2430 1295 2486 oleti
1316 2437 1390 2486 runt

392 2551 420 2590 e.
437 2530 497 2591 oto
527 2529 577 2590 De
600 2529 753 2606 triumpho
780 2529 838 2588 hue
865 2527 1019 2589 referendo
1047 2529 1179 2588 dubitari
1202 2529 1319 2607 nequit:
1349 2549 1416 2589 eum
1444 2531 1524 2590 euim
1547 2531 1650 2590 kuleudis

524 2631 676 2693 Ianuarile
697 2631 769 2691 euni
785 2631 845 2690 650
867 2631 921 2708 (··-
938 2631 998 2692 649
1015 2629 1116 2709 Gap),
1138 2633 1248 2709 quibus
1264 2632 1390 2691 alterum
1404 2634 1586 2694 consulatum
1597 2634 1649 2705 iniit,

524 2735 709 2811 triumphum
736 2734 835 2811 egisse
861 2743 977 2794 oonstet
997 2733 1141 2808 Marium,
1165 2743 1234 2794 ente
1261 2735 1341 2794 hune
1366 2735 1446 2795 elius
1469 2755 1505 2795 eo
1526 2755 1595 2794 enno
1610 2756 1648 2794 nou

525 2845 627 2915 potest
646 2838 811 2913 inscriptus
833 2835 936 2897 fuisse.
979 2834 1028 2895 01.
1052 2835 1175 2898 Sallust
1199 2837 1355 2914 lug.114:
1381 2837 1516 2897 kalendis
1534 2840 1647 2898 luuuurit

524 2959 630 3017 mapsa
650 2940 748 3017 pluria
767 2938 867 2999 consul
882 2940 1074 3017 triumphavit,
1096 2947 1126 2999 et
1140 2939 1221 2998 Plut.
1237 2939 1313 2998 Mer.
1332 2937 1383 2998 12:
1405 2932 1517 3022 Μοίριος
1529 2939 1558 2999 ἐκ
1569 2931 1646 3006 luteis

524 3036 597 3112 perd
618 3042 671 3100 rori
691 3029 903 3126 στρατεᾶματος
922 3031 1121 3110 dianetum-&eie
1139 3037 1239 3102 αὐταῖς
1258 3033 1419 3104 καλάνδαις
1431 3039 1642 3126 Ἰιωουαρῖαιςμμ

524 3133 575 3214 τήν
595 3165 626 3200 re
648 3140 787 3201 ὑπατείαν
809 3134 937 3211 ἆνὲλαβε
958 3133 1006 3202 erui
1027 3135 1075 3201 riv
1094 3135 1244 3226 θρίαμβον
1261 3139 1419 3215 εἰσήλασεν.
1437 3179 1478 3191 -
1500 3146 1643 3205 Praerouer

508 3247 624 3326 ¹petris
645 3243 735 3307 Merii
757 3247 882 3307 tradidit
903 3246 1085 3307 Pluturehus
1106 3245 1184 3306 Mer.
1200 3247 1227 3306 3.

1428 3351 1477 3412 W.
1499 3349 1619 3410 Huuzuu.

353 3436 557 3447 ...n-...a—

429 3575 453 3640 1)
483 3573 669 3640 [confirmetur
688 3575 737 3627 hou
755 3576 903 3628 testimonio
922 3576 992 3642 quod
1011 3577 1073 3627 olim
1093 3576 1168 3628 doeui
1187 3575 1248 3628 hist.
1265 3577 1342 3630 Rom.
1362 3573 1395 3626 2⁶
1416 3593 1443 3643 p.
1459 3578 1524 3641 146,
1542 3591 1598 3628 euno
1610 3575 1644 3625 641

352 3687 405 3722 uun
424 3670 549 3732 Marium,
575 3669 621 3720 sed
639 3669 774 3721 Metellum
796 3669 826 3721 in
844 3669 937 3720 Africo
960 3669 1085 3720 exercitui
1109 3669 1264 3736 praefuisse,
1288 3669 1401 3720 Meuium
1425 3671 1451 3720 ei
1471 3671 1604 3722 successisse
1618 3675 1646 3716 ut

353 3779 385 3815 eo
408 3779 477 3815 enno
501 3770 612 3815 exeunte
636 3767 681 3812 sut
704 3762 833 3827 principio
855 3762 995 3828 sequentis.
1033 3763 1102 3814 Nem
1120 3761 1264 3814 Metellum
1277 3768 1337 3827 post
1359 3763 1474 3814 reditum
1492 3763 1569 3814 stetim
1584 3761 1644 3810 trium·

352 3857 445 3924 phesse
464 3856 570 3908 dubium
588 3869 641 3908 uon
660 3860 707 3906 est.
744 3855 797 3906 Tu.
810 3853 860 3919 M]
