3394 5976
396 689 694 742 OBSERVATIONES
721 691 1006 741 EPIGRAPHICAE·
1290 672 1360 742 251

43 863 136 938 quibus
162 863 200 921 ab
230 863 284 920 illa
312 881 427 922 summa
454 863 590 920 deductis
617 874 742 939 apparet
767 884 805 921 ex
833 863 974 939 praemiis
1002 863 1161 920 ordinariis
1190 881 1256 920 eum
1282 862 1363 919 redc-

43 966 111 1040 gisse
132 975 203 1022 sest.
222 963 420 1036 32‚093‚120.
464 965 627 1024 Ordinuria
649 965 780 1040 praemia
802 983 878 1039 quac
900 964 1017 1032 luerint,
1041 963 1129 1034 tituli,
1153 971 1184 1022 ut
1205 963 1278 1035 dixi,
1306 983 1364 1021 uon

43 1068 197 1136 enuntiaut;
231 1067 290 1124 hoc
317 1075 441 1142 apparet
469 1069 566 1144 prima
594 1067 726 1141 praemia
752 1067 814 1123 sive
847 1067 988 1124 victorias
1023 1066 1073 1140 (οο
1107 1066 1184 1123 enirn
1219 1067 1364 1124 vocabulo

43 1170 122 1243 prima
136 1169 275 1242 praemia
294 1169 360 1226 sola
380 1169 600 1246 significantur)
621 1167 806 1244 singularum
829 1169 922 1225 luisse
945 1167 1023 1224 infra
1046 1176 1116 1224 sest.
1133 1167 1245 1240 30000,
1268 1172 1365 1244 prima

43 1270 159 1344 praemia
180 1269 321 1327 binarum
345 1271 422 1327 infra
445 1279 515 1328 sest.
543 1271 657 1340 15000;
687 1281 824 1345 quartum
853 1269 1017 1343 praemium
1039 1269 1146 1340 solum,
1177 1289 1242 1327 curn
1265 1269 1294 1325 id
1318 1289 1363 1327 ra·

43 1373 145 1428 tissime
172 1372 308 1442 daretur,
332 1373 498 1429 sestertium
523 1372 604 1430 mille
631 1371 723 1428 luisse
747 1371 870 1430 Diocles
897 1370 1057 1446 adscripsit
1080 1370 1121 1444 (v.
1138 1371 1180 1445 9).
1226 1370 1365 1429 Praemia

43 1473 175 1530 ordinaria
203 1474 322 1531 rettulit
349 1473 471 1530 Diocles
499 1475 593 1547 prima
622 1474 723 1532 omnia
753 1469 846 1542 1162,
873 1472 1025 1530 ordinaria
1051 1473 1142 1548 igitur
1168 1472 1301 1531 deductis
1324 1473 1363 1532 06

44 1575 188 1632 maioribus
228 1575 289 1645 illi,
331 1575 408 1632 1366
442 1587 471 1632 01
507 1595 542 1632 00
577 1577 697 1649 quidem
730 1575 818 1632 trium
851 1595 1009 1652 generum:
1044 1573 1226 1649 singularum
1240 1575 1268 1649 ¹)
1303 1573 1363 1632 972

44 1675 242 1752 (lost-92),
267 1678 401 1734 binarum
426 1677 484 1733 313
502 1677 675 1751 (ssi—4),
700 1678 919 1746 ternarun1513
944 1676 1075 1734 secunda
1095 1677 1165 1746 861,
1189 1677 1363 1746 101ῑί0576,

43 1789 161 1850 quartum
189 1781 216 1843 1,
254 1779 362 1853 quibus
389 1779 535 1836 accedunt
562 1779 703 1836 victoriae
731 1789 789 1836 tres
818 1796 894 1852 quas
922 1778 999 1853 bigis
1033 1779 1197 1854 reportavit
1228 1795 1304 1853 quae
1338 1779 1363 1835 si

44 1880 163 1937 dicuntur
185 1881 336 1938 miliarias
357 1880 466 1956 (neque
488 1881 573 1938 rideo
595 1879 746 1955 quomodo
766 1880 894 1937 alitertlr
914 1887 984 1954 post
1004 1895 1090 1938 orons
1111 1880 1362 1954 interpretemur),

44 1982 188 2053 praemium
220 1983 389 2040 habuerunt
416 1991 486 2040 sest.
516 1982 715 2040 millenorum.
762 1981 915 2051 Crescens,
944 1981 996 2054 qui
1018 1981 1054 2038 de
1082 1981 1222 2055 praemiis
1245 1981 1375 2038 maiori-¹

46 2083 86 2140 bus
106 2093 193 2153 tecet,
221 2089 253 2140 in
282 2101 400 2142 summa
426 2084 540 2141 rettulit
568 2084 702 2159 praemia
725 2087 821 2158 prima
843 2083 881 2140 47
905 2093 935 2140 et
962 2083 1146 2158 singularum
1170 2083 1288 2158 quidem
1315 2085 1361 2152 10,

44 2182 160 2242 binarum
189 2185 247 2256 23,
282 2197 432 2244 ternarum
460 2187 492 2251 5,
527 2185 658 2243 secunda
687 2185 761 2255 130,
796 2185 884 2242 tortia
914 2185 979 2241 111.
1032 2184 1165 2242 Primum
1198 2184 1362 2260 praemium

44 2286 207 2359 singularum
232 2286 327 2344 luisse
350 2288 520 2344 sestertium
540 2285 598 2343 XV
620 2287 733 2344 milium
762 2287 912 2344 0001100
939 2287 1042 2360 aliqua
1068 2286 1276 2362 probabilitate
1300 2287 1363 2343 elfi-

45 2387 137 2446 ciemus
162 2407 202 2446 ex
231 2389 310 2446 notis
339 2389 475 2446 versibus
499 2388 646 2445 Martialis
673 2389 720 2458 10,
745 2389 792 2456 74,
810 2389 842 2446 5:
874 2408 935 2446 cum
963 2388 1090 2462 Scorpus
1119 2406 1177 2444 una
1205 2389 1363 2462 quindecim

43 2507 126 2560 proces
157 2490 233 2548 liora
253 2493 394 2565 ferventis
420 2494 487 2548 ouri
515 2495 604 2548 cictor
632 2492 749 2563 ortserut
780 2509 894 2558 saccos,
927 2489 1039 2546 scilicet
1074 2499 1104 2546 ut
1137 2507 1290 2548 sumamus
1324 2509 1361 2546 ex

46 2591 239 2650 consuetudine
273 2594 407 2668 praemia
439 2593 509 2648 datu
542 2609 607 2648 esse
642 2592 770 2648 sacculis
803 2592 853 2665 qui
890 2591 999 2668 singuli
1034 2591 1188 2648 sestertios
1222 2591 1361 2650 millenos

46 2691 93 2746 siro
122 2711 230 2750 aureos
264 2695 357 2752 denos
391 2694 547 2764 liaberent3
581 2701 660 2750 certe
693 2703 783 2769 poeta
814 2692 982 2767 quindecim
1015 2711 1169 2749 numerum
1204 2711 1262 2749 non
1297 2694 1362 2750 sine

47 2789 108 2848 iusta
132 2813 223 2852 causa
249 2795 352 2871 posuit
378 2813 433 2853 nec
462 2795 548 2852 facile
580 2795 687 2871 opinor
720 2795 780 2852 alia
813 2795 1040 2870 excogitabitur.
1089 2793 1173 2851 Haec
1202 2795 1227 2851 si
1258 2795 1301 2851 ita
1330 2813 1362 2852 se

46 2891 191 2954 babuerunt
228 2897 393 2971 eademque
433 2905 493 2953 tarn
534 2897 699 2972 imperanto
738 2895 911 2954 Domitiano
947 2915 1035 2971 quam
1073 2895 1203 2953 secundo
1241 2896 1360 2954 saeculo

46 2998 156 3066 praemia
187 2998 355 3055 victoribus
385 2998 456 3055 data
484 3007 568 3066 sunt,
602 3018 640 3056 ex
674 2998 778 3072 primis
812 2999 953 3074 praemiis
987 2998 1172 3072 singularum
1203 2998 1361 3057 ordinariis

47 3095 131 3154 effecta
155 3109 227 3158 sunt
251 3099 350 3157 Diocli
375 3109 447 3156 sest.
472 3099 669 3170 14,580‚000,
694 3097 847 3157 Crescenti
870 3109 941 3157 sest.
967 3099 1109 3170 035000.
1154 3099 1220 3156 1100
1242 3101 1268 3157 si
1290 3119 1359 3158 con·

50 3198 147 3270 ceditur,
175 3200 348 3259 Crescentis
374 3209 454 3258 certe
481 3211 625 3276 quaestus
653 3201 753 3276 aliqua
777 3203 892 3258 ratione
920 3202 1064 3276 explicari
1091 3211 1192 3278 potest
1218 3203 1359 3278 praemiis

50 3297 146 3372 reliquis
173 3304 212 3360 ad
241 3302 359 3360 modum
390 3320 573 3360 summarum
601 3302 721 3360 illarum
748 3304 918 3360 coniectura
943 3303 1094 3374 formatis,
1138 3312 1213 3378 puts
1239 3305 1276 3361 ad
1302 3305 1358 3362 hoo

48 3403 208 3477 exemplum:

279 3764 375 3838 prima
443 3764 627 3838 singularum
680 3763 1098 3836 19><15000=285‚000

443 3867 578 3922 binarum
679 3865 715 3923 23
735 3881 769 3926 ><
794 3867 891 3923 10000
909 3891 945 3915 =
964 3865 1098 3938 230‚000

441 3979 591 4025 ternarum
698 3969 768 4028 5><
811 3968 944 4025 7000:
984 3969 1097 4038 35,000

279 4070 410 4127 secunda
659 4071 769 4130 130><
810 4069 1098 4140 5000=650,000

279 4173 367 4230 tertia
659 4173 711 4229 lll
735 4187 769 4231 ><
810 4171 1097 4243 2000=aa=2ooo

935 4309 1097 4381 000000

48 4700 177 4766 si'solorum
215 4711 342 4760 collocata
374 4718 433 4760 suut
463 4711 578 4773 praemia
610 4710 716 4758 maiora.
761 4709 791 4757 ln
824 4709 906 4757 altero
939 4707 1033 4758 Guttae
1065 4709 1160 4758 similia
1192 4709 1273 4768 tricas
1300 4690 1356 4756 111-7

48 4787 79 4850 Π,
101 4801 161 4864 0190
184 4784 268 4852 XXV
289 4801 306 4851 1
328 4803 395 4863 (cod.
421 4799 528 4862 XXVI,
559 4801 627 4850 unde
652 4799 836 4848 Friedlaender
865 4799 927 4848 fecit
951 4801 1033 4866 tripos
1057 4781 1112 4848 {J}
1138 4797 1194 4862 VI)
1224 4802 1352 4850 collocan-

50 4891 79 4930 tur
104 4889 161 4942 inter
189 4895 310 4944 victorias
334 4895 488 4959 insigniores
516 4893 636 4942 factionis
665 4899 770 4940 venetae
795 4897 854 4956 post
878 4891 995 4956 praemia
1017 4893 1116 4941 maiora
1140 4893 1310 4956 victoriasque
1336 4907 1352 4941 a

48 4988 129 5043 Pompa.

108 5071 127 5133 ¹)
145 5077 246 5128 Scilicet
270 5085 313 5126 aut
337 5078 453 5142 singulae
476 5077 633 5140 singularum
658 5075 799 5124 lactionum
823 5075 963 5140 quadrigae
985 5076 1116 5125 certabant
1140 5083 1185 5124 aut
1208 5076 1284 5124 binae
1307 5081 1351 5122 aut

50 5167 124 5213 ternae.
158 5169 271 5219 Primum
295 5185 375 5234 genus
401 5177 425 5218 et
448 5168 680 5233 frequentissimum
705 5175 730 5215 ct
754 5166 980 5216 honoratissimum
1005 5167 1061 5229 suit,
1088 5168 1146 5216 idco
1170 5168 1262 5232 opinor
1281 5167 1350 5230 quod

50 5248 140 5308 Pluribus
156 5262 285 5326 quadrigis
303 5262 388 5312 missis
411 5261 553 5326 praemium
578 5260 646 5308 idem
667 5259 761 5308 mansit
784 5259 850 5308 inter
875 5260 983 5309 victores
1009 5257 1084 5308 binos
1110 5267 1227 5308 ternosve
1252 5258 1350 5322 disper·

50 5340 147 5399 tiendum.

1085 5438 1144 5498 17‘
