3532 5964
350 615 399 687 84
795 635 1069 688 nonmunnunn
1095 635 1178 687 von.
1197 635 1241 686 m

349 810 486 882 verbosa,
508 810 620 884 scripta
635 826 712 868 saec.
725 808 818 867 XVII
834 818 918 884 parte
934 810 1111 885 posteriore,
1135 827 1201 867 cum
1212 808 1374 866 laudentur
1389 817 1507 883 praeter
1523 805 1700 867 Gruterum

349 911 455 970 Ursati
477 920 670 970 monumenta
683 910 833 970 Patavina
854 911 934 969 edita
956 931 982 970 a.
999 909 1087 970 1652.
1125 909 1201 969 Tam
1224 910 1297 968 folia
1317 911 1371 968 illa
1392 909 1450 968 tria
1465 929 1555 986 qnam
1573 909 1701 986 sylloge

347 1015 422 1072 haec
448 1014 571 1072 veniunt
597 1033 615 1070 a
637 1011 875 1085 Gnvmvnzro,
904 1032 970 1072 cum
1000 1023 1028 1072 et
1053 1013 1085 1070 iu
1111 1013 1262 1071 erroribus
1289 1011 1493 1089 respondeant
1513 1011 1699 1083 Iadestinis,

349 1135 426 1192 quae
454 1135 492 1173 ex
515 1112 761 1174 Gliubavaaianis
785 1134 838 1190 per
860 1115 988 1174 Lucium
1010 1116 1204 1173 innotuerunt
1226 1115 1298 1190 (vol.
1315 1115 1360 1172 III
1382 1133 1410 1190 p.
1428 1113 1487 1172 275
1511 1133 1536 1172 c.
1552 1112 1701 1187 XXVI),

347 1227 378 1275 et
407 1217 510 1276 Fortis
536 1235 655 1293 quoqne
682 1225 807 1276 testetur
830 1215 1072 1276 Gliubanaaiana
1099 1235 1132 1276 se
1159 1217 1310 1292 accepisse
1337 1235 1356 1274 a
1383 1213 1533 1292 Gregorio
1557 1213 1700 1275 Stratico

349 1320 473 1378 Zarensi
497 1319 531 1394 (l.
548 1319 596 1395 c).
641 1319 730 1378 Folia
751 1329 851 1378 autem
874 1319 932 1376 tria
954 1319 1008 1377 illa
1029 1319 1151 1377 omnino
1174 1332 1244 1378 sunt
1264 1315 1400 1377 ‘schedae
1422 1311 1584 1393 antiquae’,
1612 1334 1699 1391 quas

350 1419 552 1481 Gliubavazio
579 1419 626 1495 (ut
647 1421 689 1478 ait
709 1422 729 1479 f.
749 1418 835 1496 161')
862 1418 906 1478 ‘de
932 1441 964 1480 re
987 1421 1157 1496 antiquaria
1179 1422 1290 1498 optime
1311 1419 1409 1478 meriti
1430 1419 1454 1477 I.
1475 1417 1509 1477 C.
1531 1417 1699 1476 Francisci

346 1519 510 1581 ‘Drrfflucr
538 1523 579 1598 [v.
607 1522 665 1581 vol.
682 1522 732 1580 ΙΙΙ
758 1541 784 1597 p.
804 1521 876 1598 275]
906 1565 937 1580 ..
965 1522 1083 1581 liberali
1112 1522 1296 1581 humanitate
1323 1523 1425 1581 videre
1453 1516 1603 1598 contigit}
1636 1538 1699 1578 sex

347 1626 425 1685 enim
452 1625 677 1700 inscriptiones,
710 1642 787 1700 quas
815 1622 1033 1682 Gliubavazius
1062 1624 1081 1682 I.
1105 1643 1129 1682 c.
1159 1623 1228 1683 inde
1258 1624 1425 1699 excerpsit,
1457 1621 1489 1680 in
1515 1622 1601 1680 foliis
1630 1622 1699 1680 illis

345 1729 434 1804 plane
461 1727 565 1786 eadem
591 1727 688 1784 forma
713 1727 848 1784 redeunt.
892 1725 926 1782 Id
954 1727 1053 1802 ipsum
1081 1726 1273 1784 confirmatur
1299 1745 1336 1784 ex
1364 1726 1403 1784 iis
1430 1743 1507 1800 qnae
1529 1724 1699 1782 000010νί-

346 1849 413 1890 mus
436 1831 516 1888 infra
537 1829 574 1888 ad
597 1850 625 1888 n.
642 1827 734 1900 2916,
758 1828 835 1886 unde
858 1828 946 1885 etiam
968 1827 1152 1904 intellegitur
1174 1829 1229 1887 sub
1248 1826 1440 1886 Gliubavaaii
1461 1827 1583 1885 nomine
1606 1827 1699 1902 apud

342 1931 469 1991 Lucium
486 1939 546 1989 tam
560 1930 704 2007 DiphnIci
715 1948 805 2006 quam
821 1929 916 2004 ipsius
930 1928 1112 1987 collectanea
1127 1929 1346 2007 comprehendi.
1356 1963 1392 1971 -
1402 1928 1479 1987 Tam
1494 1928 1525 1985 iu
1539 1927 1697 2005 Diphnici

344 2053 432 2110 quam
460 2034 491 2091 in
520 2031 710 2092 Gliubavazii
739 2031 856 2090 schedis
883 2029 1036 2088 Iadestina
1061 2030 1207 2106 quaedam
1235 2031 1404 2090 referuntur
1441 2030 1538 2089 adhuc
1571 2031 1697 2107 ignota,

346 2153 527 2214 quamquam
563 2134 706 2210 pleraque
738 2151 792 2210 per
824 2133 952 2190 amicum
986 2132 1144 2208 utriusque
1172 2131 1299 2190 Lucium
1332 2133 1446 2208 pridem
1479 2133 1696 2191 innotuerunt.

347 2236 392 2294 Ex
421 2237 536 2312 reliqua
558 2235 713 2293 Dalmatia
738 2251 814 2309 quae
837 2233 867 2290 in
890 2234 1111 2292 commentariis
1134 2235 1298 2292 afferuntur
1319 2234 1531 2311 inscriptiones
1554 2232 1695 2294 Gliuba·

345 2339 448 2396 vanius
475 2356 535 2396 non
558 2347 619 2395 tam
642 2355 680 2394 ex
702 2336 790 2394 editis
813 2335 942 2412 sumpsit
963 2353 1052 2411 quam
1075 2355 1112 2393 ex
1135 2337 1262 2412 syllogia
1284 2336 1438 2395 titulorum
1461 2335 1582 2411 scriptis
1605 2354 1695 2412 quae

343 2448 404 2497 tum
432 2440 463 2497 in
487 2439 643 2498 Dalmatia
664 2437 956 2508 circumferebantur,
983 2438 1014 2495 id
1036 2445 1143 2496 estex
1167 2439 1286 2497 schedis
1310 2438 1433 2498 Dacicis
1457 2457 1476 2496 a
1497 2435 1610 2496 Carulo
1629 2438 1693 2497 Ve-

342 2541 441 2600 rantio
468 2543 525 2600 sibi
552 2541 694 2598 exhibitis
723 2539 756 2616 (f.
774 2539 823 2598 64.
846 2535 912 2614 79')
940 2547 969 2596 et
990 2558 1028 2597 ex
1051 2538 1228 2599 Lucarianis
1251 2537 1436 2600 Salouitanis
1463 2538 1498 2613 (f.
1516 2538 1589 2616 79¹).
1639 2541 1694 2599 Ex

342 2643 403 2700 illis
431 2661 506 2720 quae
529 2644 630 2714 affert,
656 2641 751 2700 omitti
777 2649 952 2716 potuerunt,
980 2659 1046 2698 cum
1068 2641 1253 2700 Verantiana
1274 2641 1335 2699 iam
1357 2641 1408 2718 ipa
1428 2641 1602 2701 habeamus.
1652 2644 1692 2701 In

343 2743 529 2804 Salonitanis
559 2743 775 2803 Gliubavazius
803 2743 912 2819 pendet
944 2763 983 2800 ex
1016 2761 1051 2800 eo
1084 2751 1220 2815 auctore,
1253 2743 1306 2818 qui
1339 2743 1426 2800 nobis
1462 2743 1571 2801 dicitur
1604 2745 1693 2804 liber

342 2845 532 2924 Spalatinus3
561 2845 591 2904 id
618 2845 698 2921 quod
724 2853 844 2920 praeter
870 2845 949 2902 inira
976 2843 1129 2903 afferenda
1153 2845 1221 2903 inde
1248 2844 1407 2920 colligitur,
1436 2845 1516 2919 quod
1541 2844 1692 2905 Polensis

341 2950 447 3007 titulus
463 2949 512 3006 III
534 2945 678 3005 n.177*a
699 2947 789 3005 etiam
812 2967 830 3004 a
846 2945 1048 3005 Gliubavazio
1065 2945 1184 3007 Salonis
1207 2947 1356 3004 tribuitur.
1395 2943 1519 3022 Sylloge
1542 2965 1579 3004 ea
1601 2965 1690 3008 saec.

341 3049 418 3109 XVI
442 3068 575 3108 summae
596 3050 627 3107 in
643 3049 824 3106 Dalmaticis
848 3048 986 3106 utilitatis
1009 3058 1071 3107 tum
1094 3067 1160 3107 cnm
1184 3048 1321 3126 syllogen
1344 3045 1505 3106 edebamus
1528 3067 1589 3106 nou
1610 3062 1692 3110 nota

340 3159 405 3209 erat
430 3151 489 3209 nisi
516 3170 569 3226 per
595 3149 768 3208 Zaccariam
797 3149 870 3225 (vol.
887 3151 936 3208 III
958 3170 986 3226 p.
1004 3149 1079 3226 276)
1101 3149 1271 3226 Rotamque
1297 3148 1372 3224 (vol.
1388 3148 1434 3207 III
1455 3168 1484 3224 p.
1504 3149 1601 3226 1026)
1635 3153 1691 3210 ad-

340 3253 461 3312 modum
482 3252 663 3327 imperfecte.
699 3253 749 3310 Ad
764 3272 799 3311 ea
814 3261 957 3329 excerpta
977 3252 1038 3311 iam
1060 3253 1091 3312 in
1114 3252 1329 3329 supplementis
1352 3249 1398 3308 his
1420 3259 1538 3328 praeter
1557 3251 1690 3330 Opiter-

340 3356 412 3431 gina
432 3363 462 3412 et
476 3353 683 3428 Pisaurensia,
706 3354 743 3412 de
765 3354 873 3430 quibus
896 3355 985 3412 modo
1007 3354 1213 3432 exposuimus,
1237 3373 1274 3412 ea
1288 3371 1406 3431 quoque
1422 3354 1578 3426 accedunt,
1601 3373 1689 3432 quae

339 3476 377 3515 ex
405 3455 538 3515 eiusdem
558 3456 675 3534 generis
697 3457 775 3514 libro
799 3454 1017 3515 Gliubavazius
1040 3456 1197 3534 decerpsit.
1220 3488 1258 3499 —
1288 3456 1414 3514 Praeter
1437 3453 1689 3517 Gliubavaziana

338 3559 416 3617 inter
442 3558 587 3616 Fortiana
612 3558 795 3616 collectanea
823 3577 924 3616 eorum
953 3558 1122 3631 titulorum,
1149 3575 1225 3634 quos
1252 3558 1316 3635 ipse
1337 3557 1440 3616 Fortis
1468 3559 1499 3616 in
1521 3556 1688 3618 Dalmatia

338 3665 467 3737 excepit,
489 3659 610 3736 quidam
633 3661 663 3718 in
687 3660 823 3736 syllogen
847 3658 982 3718 CCXIII
1003 3661 1250 3738 epigrammatum
1272 3659 1359 3717 relati
1381 3668 1450 3718 sunt
1471 3659 1554 3732 (sine
1573 3679 1686 3721 nume-

335 3764 377 3821 ris
404 3771 476 3840 post
499 3783 528 3820 n.
548 3761 630 3838 172).
674 3763 876 3822 Accesserant
901 3762 971 3820 inde
997 3762 1164 3838 fragmenta
1188 3761 1334 3837 quaedam
1356 3760 1551 3820 Naronensia
1572 3763 1686 3839 exigui

337 3865 489 3924 momenti.

377 3967 429 4026 lV.
473 3952 641 4024 Laumbrvs
668 3965 916 4041 inscriptionibus
943 3967 1038 4024 musei
1061 3965 1288 4042 Zagrabiensis,
1316 3965 1353 4022 de
1375 3983 1435 4042 qua
1456 3965 1574 4043 sylloge
1596 3969 1687 4028 edita

335 4087 361 4125 a.
381 4068 460 4126 1876
482 4068 562 4126 infra
583 4069 708 4139 dicetur,
730 4067 918 4126 Dalmaticos
940 4086 1059 4143 quoque
1081 4069 1185 4126 titulos
1207 4067 1302 4125 musei
1325 4067 1388 4126 eius
1410 4067 1546 4127 inseruit.
1582 4070 1685 4128 Acce-

335 4169 409 4227 dunt
430 4169 468 4226 ad
491 4187 542 4228 eos
565 4188 642 4246 quos
664 4171 730 4244 ipse
748 4169 807 4228 vidi
823 4169 946 4245 Agrami
970 4169 1011 4244 (a.
1035 4169 1101 4246 eph.
1118 4168 1149 4226 II
1171 4187 1200 4244 p.
1218 4168 1292 4244 336)
1315 4189 1344 4228 n.
1364 4169 1453 4228 1905.
1473 4169 1683 4232 lassabat.

336 4270 425 4328 2110.
444 4270 534 4329 2350.
552 4271 643 4330 2399.
661 4270 752 4330 2437.
769 4269 860 4329 2671.
879 4269 966 4343 163*,
986 4271 1057 4328 item
1072 4271 1240 4348 fragmenta
1254 4271 1400 4346 quaedam
1416 4289 1435 4328 a
1449 4269 1590 4344 Ljubicio
1614 4275 1682 4349 pri·

334 4390 414 4430 mum
436 4373 525 4446 edita,
546 4393 615 4432 nam
631 4374 782 4449 pleraque,
805 4372 841 4432 de
856 4391 983 4449 quorum
1002 4373 1118 4449 origine
1134 4371 1288 4447 Ljubicius
1311 4373 1354 4461 ait
1376 4372 1434 4430 sibi
1450 4392 1510 4432 non
1525 4383 1681 4449 constare,

334 4474 399 4531 siue
421 4473 511 4533 dubio
533 4495 572 4534 ex
586 4474 743 4534 Dalmatia
763 4473 865 4533 adlata
887 4484 965 4532 sunt.
1002 4473 1039 4532 In
1061 4474 1109 4532 his
1131 4483 1325 4551 actamquae
1347 4474 1494 4534 accedunt
1516 4475 1569 4534 vix
1591 4479 1681 4553 quic·

334 4595 424 4652 quam
446 4577 556 4648 inveni,
578 4578 658 4653 quod
680 4577 710 4634 in
732 4577 790 4635 hoc
812 4577 977 4636 auctarium
1000 4576 1112 4634 referre
1134 4595 1243 4652 operae
1264 4577 1394 4652 pretium
1416 4587 1504 4636 esset.

374 4677 409 4736 V.
453 4678 580 4736 Michael
604 4673 761 4737 Geinum
787 4677 973 4754 Spalatensis
1002 4679 1169 4754 praefectus
1197 4680 1293 4738 musei
1316 4676 1486 4738 Salonitani
1508 4691 1677 4757 postquam

329 4780 434 4838 titulos
455 4799 508 4856 per
530 4799 556 4838 a.
572 4779 775 4840 1875-1876
800 4781 830 4837 in
844 4779 998 4839 Dalmatia
1019 4789 1153 4857 repertos
1174 4781 1286 4858 publici
1308 4781 1382 4839 iuris
1402 4782 1472 4840 fecit
1486 4781 1517 4840 iu
1532 4783 1678 4860 epheme-

329 4882 393 4940 ride
415 4881 630 4958 Mittiteiluupaa
652 4884 704 4940 dar
725 4881 763 4940 K.
785 4882 823 4940 K.
845 4882 1151 4955 Centratconuaiaaioa,
1180 4882 1260 4942 Naue
1280 4883 1414 4960 1707901)
1436 4885 1531 4943 vol.3
1556 4884 1675 4964 (1877)

406 5139 429 5205 ¹)
459 5143 546 5192 v01.1
569 5141 663 5206 (1875)
683 5159 707 5208 p.
722 5143 860 5194 111-v11
880 5159 946 5209 quac
964 5145 1083 5209 legunt-nr
1102 5144 1196 5196 effossa
1214 5161 1237 5196 a.
1254 5143 1339 5206 1873,
1366 5145 1475 5196 redeunt
1498 5145 1553 5195 iere
1573 5155 1621 5197 aut
1641 5149 1670 5200 in

328 5235 442 5284 auctario
456 5235 691 5285 additamentomm
705 5253 730 5300 p.
748 5235 928 5286 1061-1002
950 5236 1003 5302 (qui
1024 5237 1089 5286 tituli
1110 5237 1238 5286 iudicibus
1252 5245 1328 5286 antea
1349 5239 1416 5303 typis
1435 5239 1569 5302 impressis
1589 5241 1672 5291 inseri

328 5339 380 5374 non
405 5326 553 5390 potuerunt)
577 5329 666 5377 autin
687 5327 745 5392 eph.
766 5329 816 5377 vul.
830 5329 871 5391 113
897 5329 957 5377 item
978 5343 1043 5394 qnae
1065 5330 1091 5378 ln
1111 5329 1201 5378 codem
1223 5329 1352 5378 volumius
1371 5345 1397 5394 p.
1410 5329 1551 5381 xlv-1.
1572 5332 1671 5383 adsunt

326 5417 421 5468 effossa
439 5433 464 5468 a.
479 5419 559 5478 1874,
578 5420 605 5468 in
625 5421 694 5469 idem
713 5419 893 5484 Ephemeridis
913 5421 1032 5470 volumen
1051 5419 1107 5470 fera
1127 5422 1215 5473 omnia
1232 5429 1337 5485 recepta
1355 5429 1422 5471 aunt.
