3394 5976
394 637 696 692 ossanvsrronns
723 638 1008 690 amensamens.
1293 616 1365 686 217

67 744 160 751 ——-

62 815 198 872 referemus
225 813 322 890 legem
350 831 368 869 a
395 812 560 872 Bitschelio
592 813 722 888 (priscae
748 812 814 870 Lat.
843 831 921 870 mon.
952 833 980 889 p.
1005 810 1076 886 133)
1104 812 1147 868 ita
1172 811 1368 869 enuntiatam:

61 916 210 992 'geminatio
233 917 462 974 consonantium
484 915 568 972 nulla
589 923 657 973 ante
672 915 813 986 Ennium,
836 915 927 973 ferme
942 935 980 972 ex
1002 931 1097 990 aequo
1112 915 1259 972 fluctuans
1282 913 1319 970 ab
1342 932 1368 971 a.

61 1017 155 1077 ’1.580
173 1019 211 1076 ad
234 1017 305 1090 620,
327 1017 503 1094 praevalens
527 1017 564 1074 ab
587 1036 613 1075 a.
631 1015 691 1076 600
714 1019 752 1074 ad
775 1018 845 1088 640,
867 1017 929 1075 fere
953 1026 1094 1074 constans
1115 1016 1153 1074 ab
1177 1035 1204 1073 a.
1220 1033 1244 1072 c.
1261 1011 1344 1074 640’.

125 1119 150 1176 i.
192 1109 330 1201 Mce'oepxoc
349 1129 492 1196 perpetuo
512 1120 667 1189 scribitur;
690 1119 829 1178 sedeam
849 1120 975 1177 formam
991 1137 1009 1176 a
1023 1117 1081 1177 fine
1102 1118 1214 1176 saeculi
1234 1119 1313 1176 sexti
1333 1118 1372 1176 ad

60 1225 145 1282 aetatis
165 1222 377 1298 imperatoriae
399 1222 486 1280 initia
506 1222 537 1279 in
560 1240 617 1280 usu
639 1220 733 1280 luisse
757 1223 829 1280 alibi
851 1221 1053 1281 demonstravi
1070 1221 1163 1296 (Eph.
1182 1221 1194 1276 1
1214 1240 1242 1296 p.
1256 1217 1342 1295 286).

123 1325 149 1382 3.
191 1345 211 1382 a
233 1324 345 1381 Latina
367 1325 500 1400 sequitur
521 1325 603 1400 leges
631 1335 805 1396 consuetas,
834 1325 948 1382 scilicet
975 1325 1023 1381 ubi
1048 1323 1158 1381 vocalis
1181 1331 1278 1380 estet
1303 1342 1372 1398 pro-

59 1429 161 1498 ducitur,
186 1435 434 1503 repraesentatur
458 1427 568 1485 litteris
595 1447 640 1484 oc:
667 1418 794 1494 Ἰούλιος,
815 1417 952 1496 nedmoa
982 1426 1031 1484 ubi
1053 1425 1167 1484 vocalis
1189 1433 1287 1483 estet
1309 1443 1372 1482 cor-

59 1531 151 1604 dpitur,
172 1537 418 1606 repraesentetur
441 1529 614 1603 plerumque
636 1529 736 1586 littera
758 1549 786 1586 o:
809 1529 860 1600 ita,
884 1538 917 1586 ut
938 1529 1053 1586 mittam
1067 1519 1181 1588 Κόιντος
1197 1534 1226 1584 et
1239 1517 1373 1594 Πόπλιος,

59 1632 174 1690 scribitur
193 1621 373 1700 Ἀππολῆιος
395 1639 425 1688 et
444 1623 634 1713 Kporroper'va
656 1632 707 1707 (cd.
730 1631 940 1707 Dittenberger
962 1631 1066 1688 Herm.
1084 1631 1101 1687 6
1125 1649 1153 1704 p.
1171 1628 1254 1703 282).
1294 1627 1373 1687 Con·

59 1735 158 1790 trarium
181 1733 262 1791 foret
285 1752 312 1789 v.
330 1732 366 1791 21
389 1724 564 1816 Ρο[ο’βρι]ος,
587 1734 639 1790 sed
661 1753 737 1809 <puae
759 1735 837 1794 intra
860 1751 951 1790 uncos
973 1733 1062 1809 posui
1078 1731 1291 1808 Papadopulus
1314 1751 1373 1788 non

60 1836 114 1892 ridit
136 1855 188 1894 nec
216 1836 294 1894 satis
324 1835 384 1894 lida
410 1843 488 1892 snnt.
539 1835 670 1894 Diversa
696 1836 812 1894 ratione
840 1855 894 1912 pro
923 1835 1155 1894 risubstituitur
1186 1834 1288 1892 littera
1308 1857 1321 1888 ε
1343 1833 1374 1892 in

61 1939 190 1995 vocabulis
212 1929 335 1996 Aeduus
356 1947 387 1995 et
407 1929 567 2010 Λευκῖλιος,
588 1956 665 2014 quas
688 1939 799 1996 formas
823 1938 861 1995 ad
877 1937 1052 1996 Latinorum
1069 1935 1167 1995 Louc·
1190 1947 1268 1994 recte
1290 1955 1374 1994 revo-

65 2041 166 2098 cabimus
198 2040 254 2116 (cf.
285 2039 495 2116 Dittenherger
526 2042 546 2098 l.
574 2059 599 2098 c.
622 2060 651 2117 p.
673 2041 748 2116 310)
781 2051 810 2098 et
841 2031 1011 2122 Νεμετώριος
1044 2039 1270 2114 (Dittenberger
1301 2039 1320 2095 l.
1349 2058 1373 2096 c.

64 2141 169 2218 pust),
191 2145 267 2200 item
290 2141 390 2200 littera
411 2163 428 2196 υ
451 2143 481 2200 in
503 2137 642 2224 Οὖετυριά
664 2154 693 2200 et
715 2143 743 2200 in
768 2145 862 2202 altero
882 2133 1041 2211 Ῥωμυλιά,
1068 2141 1117 2200 nbi
1140 2140 1300 2216 respondet
1328 2141 1376 2197 lit·

63 2258 119 2301 terae
140 2247 156 2302 d
178 2264 248 2302 cum
272 2243 475 2302 internasci.
522 2243 660 2321 Denique
682 2265 702 2302 u
724 2263 892 2305 consonans
916 2245 1007 2304 solito
1033 2263 1116 2302 more
1137 2243 1269 2302 redditur
1293 2263 1323 2298 ου
1346 2241 1375 2300 in

61 2339 213 2427 Kupelolirce
234 2336 418 2428 (Καροιύλοος
439 2345 540 2424 Pap).
563 2338 721 2424 Οὐάλγιος,
747 2339 885 2429 Οὖετυρῖα
908 2347 1135 2423 (Dittenberger
1156 2347 1177 2403 l.
1195 2363 1220 2403 c.
1243 2363 1272 2421 p.
1290 2343 1375 2418 303),

61 2449 98 2505 sed
110 2472 124 2505 o
138 2459 182 2508 est
202 2451 236 2507 in
255 2437 407 2508 ’omeliae
422 2447 543 2523 (ibidem
560 2468 589 2525 p.
606 2449 691 2526 306).
714 2451 775 2508 Pro
790 2454 858 2526 qui·
874 2449 1021 2525 reperitur
1035 2447 1124 2506 modo
1138 2469 1197 2504 κοι-
1214 2448 1244 2505 in
1259 2437 1376 2508 Kr'rvros

60 2551 258 2628 similibusque,
281 2551 369 2608 modo
391 2573 440 2607 κυ-
465 2551 495 2608 in
516 2545 635 2632 Κυρεῖνα
658 2551 885 2629 (Dittenberger
907 2551 927 2610 l.
951 2571 976 2610 c.
999 2570 1028 2627 p.
1046 2549 1130 2626 299).

124 2655 149 2712 4.
185 2657 199 2712 s*
220 2653 333 2711 Latina
347 2653 408 2711 abit
423 2654 453 2712 in
469 2677 481 2709 ε
497 2655 528 2712 in
542 2647 674 2730 κομετίῳ,
689 2645 858 2736 Νεμετώριος
872 2648 1097 2730 (Dittenberger
1112 2653 1130 2709 l.
1144 2672 1169 2710 c.
1182 2673 1210 2730 p.
1227 2652 1286 2710 130
1296 2652 1375 2728 seq.)

62 2756 131 2814 sclito
156 2775 252 2814 more.
301 2757 345 2814 At
373 2777 395 2811 ει
418 2775 472 2832 pro
496 2767 507 2814 t
528 2759 559 2815 in
582 2749 692 2819 Σεῖλιος
717 2767 747 2814 et
773 2765 944 2814 constanter
969 2756 1001 2813 in
1028 2746 1120 2811 -vo‘vcc
1147 2755 1276 2813 tribuum
1304 2772 1377 2812 sane

63 2859 169 2916 notabile
197 2867 249 2916 est
275 2857 306 2914 in
334 2857 421 2915 titulo
449 2860 569 2934 septimi
595 2860 722 2930 saeculi,
749 2877 845 2935 neque
873 2863 994 2916 omnino
1022 2857 1160 2936 componi
1188 2865 1288 2932 potest
1310 2875 1378 2914 cum

62 2965 185 3040 exemplis
215 2959 366 3018 similibus
389 2959 570 3020 Graecitatis
597 2963 734 3020 labentis.
780 2961 885 3019 Potius
907 2959 976 3020 inde
999 2959 1189 3038 repetendum
1213 2971 1269 3031 est,
1299 2958 1379 3035 quod

62 3081 111 3121 cnm
133 3067 232 3144 ipsum
263 3066 442 3124 vocabulum
466 3063 607 3122 Latinum
628 3067 654 3120 ei
680 3064 811 3134 haberet,
842 3061 951 3122 Graeci
973 3063 1030 3120 etsi
1052 3062 1217 3120 debuerunt
1238 3085 1245 3116 ι
1268 3061 1378 3120 substi-

66 3174 137 3238 tuere,
169 3169 196 3228 si
233 3169 354 3244 quidem
386 3171 412 3225 ei
433 3166 553 3225 Latinis
581 3171 592 3222 i
617 3167 739 3242 longum
773 3165 962 3243 significabat
990 3165 1040 3240 (cd.
1069 3163 1203 3223 Corssen
1229 3163 1375 3222 Vocal.2
1449 3215 1455 3232 ,

67 3269 255 3346 pilosam),
288 3280 388 3328 tamen
416 3289 516 3328 errore
545 3269 574 3326 in
599 3268 767 3326 nominibus
799 3269 930 3344 propriis
956 3267 1036 3325 dacili
1063 3267 1280 3344 diphthongum
1308 3267 1379 3324 reti-

66 3381 176 3431 nuerunt.
200 3405 241 3415 —
265 3365 392 3430 Μενειιοά
416 3371 470 3441 29,
499 3391 564 3429 cum
592 3372 632 3428 sit
653 3363 775 3439 Μενηνία
800 3371 920 3443 10.13,
947 3389 1031 3428 error
1057 3371 1153 3446 magis
1181 3378 1228 3428 est
1250 3369 1379 3427 scriben-

64 3470 90 3526 tis
108 3475 348 3534 describentisre.
390 3464 542 3556 Ἀρνῆνσης
567 3493 622 3548 pro
644 3473 775 3531 Arnensi
800 3474 896 3550 magis
919 3483 965 3532 est
986 3472 1148 3530 declinatio
1171 3471 1208 3529 ad
1233 3470 1378 3530 Graecam

63 3591 195 3636 conversa.

129 3679 185 3738 Per
207 3681 283 3738 haec
304 3699 371 3738 cum
393 3680 536 3738 docemur
558 3679 596 3737 ed
618 3687 745 3736 aetatem
762 3676 796 3737 C.
816 3677 944 3737 Gracchi
967 3678 1029 3736 sere
1050 3677 1095 3735 vel
1118 3677 1209 3752 paulo
1231 3676 1378 3752 posterio-

63 3797 119 3850 rem,
144 3783 300 3842 commode
322 3781 430 3840 accidit
452 3781 532 3858 quod
554 3788 674 3840 senatus
697 3781 834 3839 consulto
856 3781 925 3839 anni
949 3799 974 3839 c.
997 3779 1055 3838 626
1079 3779 1122 3854 (v.
1139 3777 1173 3838 G.
1190 3779 1215 3837 l.
1230 3777 1267 3836 L.
1287 3777 1346 3836 vol.
1364 3779 1378 3835 I

62 3899 83 3954 p.
100 3884 164 3960 158)
187 3891 309 3944 servato
331 3904 350 3942 a
370 3885 501 3961 Iosepho
524 3893 585 3942 ant.
609 3885 657 3952 13,
679 3883 707 3954 9,
729 3882 746 3940 2
771 3884 821 3959 qui
845 3882 1002 3941 scribendo
1025 3882 1184 3940 adfuerunt
1205 3882 1263 3938 duo
1286 3889 1379 3938 testes

63 3984 170 4045 redeunt
190 3989 268 4046 inter
290 4005 344 4046 eos
371 4005 447 4062 qnos
475 3986 522 4043 hic
548 3985 726 4056 invenimus,
750 4004 854 4061 nempe
884 3985 915 4042 0.
941 3983 1127 4060 Sempronius
1151 3983 1226 4058 Gf.
1251 3984 1380 4041 Falerna

64 4087 149 4146 ΜΓ.
165 4089 299 4148 Lucilius
315 4089 357 4147 M.
367 4091 395 4164 s.
412 4088 594 4158 Pomeudr'aa3
618 4107 684 4145 nam
708 4088 762 4145 hoc
785 4106 892 4145 nomen
915 4088 1036 4144 omnino
1058 4086 1239 4144 reddendum
1262 4095 1309 4144 est
1330 4085 1380 4143 lo·

64 4191 141 4264 sepho
163 4213 216 4268 pro
239 4211 275 4249 eo
296 4192 376 4267 qnod
398 4191 526 4249 traditur
547 4187 663 4248 Λούκιος
684 4180 792 4248 Μάνιος
812 4183 932 4246 Λουκίου
956 4183 1015 4250 υἱός
1036 4191 1166 4245 Mercuri.
1216 4185 1381 4246 Confirmat

65 4288 84 4344 id
103 4291 274 4365 litteratura,
298 4293 460 4352 secundum
481 4311 570 4368 quam
593 4291 723 4350 Earinus
746 4293 863 4350 titulum
891 4291 1034 4350 iudicavit
1060 4301 1214 4349 exaratum
1237 4307 1304 4348 esse
1328 4309 1381 4364 per

64 4401 198 4455 extremos
223 4395 286 4454 XX
309 4396 355 4453 uel
376 4395 471 4454 XXX
493 4413 588 4452 annos
612 4411 690 4453 saec.
718 4405 787 4452 ente
810 4392 882 4452 Chr.
910 4393 1045 4466 secundi,
1073 4393 1103 4451 id
1129 4401 1174 4451 est
1200 4393 1276 4450 inter
1298 4412 1325 4450 a.
1351 4411 1379 4450 u.

64 4495 273 4558 acuo-655.

134 4599 275 4679 Superest
308 4619 347 4658 ex
386 4607 508 4658 senatus
542 4600 680 4658 consulto
717 4601 814 4658 solum
850 4597 1006 4657 exordium
1042 4597 1244 4656 additamento
1279 4599 1380 4673 aliquo

66 4711 177 4761 auctum.
219 4703 373 4762 Numerus
403 4717 502 4760 autern
534 4713 705 4760 senatorum
738 4703 788 4778 qui
816 4701 973 4760 scribendo
1001 4701 1161 4759 adfuerunt
1187 4700 1273 4775 plane
1298 4701 1380 4757 inso-

66 4797 126 4860 litus
150 4815 202 4877 est,
229 4825 297 4864 nam
324 4825 391 4863 cum
418 4805 490 4862 alibi
517 4805 586 4878 duo,
614 4815 691 4876 trec,
721 4814 849 4879 septem,
879 4811 955 4874 octo,
983 4803 1021 4860 ad
1050 4821 1196 4861 summum
1225 4802 1380 4860 duodecim

67 4919 250 4980 compareant,
273 4909 321 4965 hic
336 4907 494 4965 adfuerunt
512 4907 641 4983 amplius
665 4907 799 4982 triginta3
823 4925 877 4963 nec
898 4907 972 4962 satis
992 4905 1175 4980 intellegitur
1195 4905 1246 4980 qui
1270 4905 1381 4962 sactum

67 5005 99 5061 sit
117 5011 191 5068 utin
211 5031 244 5068 re
259 5029 319 5067 non
340 5011 414 5067 tanti
431 5011 571 5066 momenti
592 5011 633 5066 ita
652 5009 689 5065 ab
706 5026 759 5066 usu
776 5008 925 5066 communi
941 5007 1136 5065 recederetur.
1173 5005 1283 5065 Possis
1306 5005 1381 5062 adeo

68 5109 183 5170 conicere
198 5113 336 5170 hocloco
352 5131 411 5169 non
427 5111 593 5170 enumerari
614 5112 665 5187 qui
682 5101 880 5192 [ppcapops'vhp
896 5111 1038 5191 παρῆσαν,
1061 5110 1115 5168 sed
1132 5110 1184 5184 qui
1199 5106 1227 5165 ἐν
1241 5109 1282 5182 τῷ
1296 5098 1381 5182 [βοο-

67 5207 192 5296 1.εοτν,ρ]ι’ῳ
213 5214 357 5296 παρῆσαν,
383 5215 463 5289 quod
492 5214 730 5290 supplementum
761 5213 919 5290 proposuit
941 5211 1080 5270 Eurinus¹
1126 5209 1185 5270 Sed
1208 5229 1273 5267 curu
1296 5227 1382 5285 prae·

69 5321 135 5374 terea
158 5319 187 5376 in
214 5325 337 5378 senatus
366 5317 510 5374 consultis
539 5335 641 5374 eorum
669 5318 719 5393 qui
748 5317 907 5374 adfuerunt
931 5331 1072 5372 numerus
1099 5313 1218 5390 quidem
1245 5321 1382 5388 ponatur,

70 5419 172 5478 nomina
193 5431 290 5481 autem
313 5439 373 5478 non
396 5419 630 5496 perscribantur,
659 5419 792 5477 asolita
817 5419 914 5476 dorma
935 5427 994 5474 tam
1018 5417 1107 5492 longe
1129 5415 1268 5474 recedere
1290 5414 1382 5472 nolui.
