3428 5970
610 577 974 640 varnassonvnuvs.
1382 563 1456 636 499

201 747 236 824 ⁶)
271 747 306 808 0.
323 749 502 810 Vettulcnus
523 748 629 810 Civica
648 749 777 810 Cerialis
796 753 876 810 iusto
898 751 1017 812 nomine
1040 771 1119 812 nuuc
1140 751 1258 812 demum
1280 755 1458 830 innotescit3

109 870 184 910 nam
201 851 254 928 qui
270 871 366 928 nuper
381 851 418 910 de
433 870 468 910 eo
484 861 609 930 egerunt
627 851 690 911 Leo
705 854 815 914 Reuier
834 853 955 928 (conscii
969 856 1003 912 de
1016 872 1117 930 puerre
1131 855 1165 912 dc
1183 854 1264 913 Titus
1280 875 1309 932 p.
1323 857 1363 916 34
1375 861 1455 935 seq.)

107 961 139 1010 et
155 953 366 1029 Wsddington
390 953 442 1028 (ad
456 953 619 1014 Lebasium
634 953 682 1012 III
703 974 732 1031 p.
747 955 831 1030 709),
853 973 905 1014 eos
927 957 986 1014 iam
1004 965 1129 1032 apparet
1143 955 1217 1014 duos
1233 957 1370 1016 homiues
1385 977 1454 1018 con-

108 1055 248 1126 fudisse,
275 1051 348 1114 Sex.
371 1055 562 1116 Vettulenum
584 1055 734 1116 Cerialem
763 1067 792 1116 et
817 1058 896 1116 hunc
918 1055 954 1117 C.
978 1055 1169 1116 Vettulenum
1193 1055 1327 1117 Civicam
1351 1059 1453 1120 Ceria-

107 1157 174 1215 lem
197 1156 280 1214 illius
303 1157 410 1234 opinor
430 1157 534 1216 filium.
572 1158 612 1215 Et
631 1158 712 1217 illius
732 1159 852 1234 quidem
875 1159 933 1218 tria
952 1161 1075 1218 nomina
1094 1159 1157 1217 sine
1177 1159 1342 1218 honoribus
1365 1163 1455 1221 habet

108 1257 223 1316 titulus
244 1257 434 1318 venafranus
459 1259 485 1316 I.
501 1259 538 1317 R.
554 1258 593 1318 N.
617 1259 698 1318 4636
727 1261 764 1318 ab
791 1279 885 1319 uxore
916 1261 980 1319 eius
1007 1263 1123 1338 positus
1154 1261 1233 1335 patri
1262 1264 1452 1336 equestribus

106 1359 231 1417 militiis
249 1359 303 1417 sub
320 1361 457 1436 Angusto
477 1370 507 1418 ct
524 1361 649 1421 Tiberio
670 1361 789 1434 funct03
813 1363 937 1422 eundem
959 1361 1039 1421 bello
1060 1361 1185 1422 Iudaico
1207 1381 1234 1421 a.
1252 1361 1344 1422 69170
1366 1363 1450 1424 Iose-

109 1462 194 1536 phus
209 1462 238 1532 3,
251 1461 280 1530 7,
293 1463 331 1518 34
345 1471 374 1519 et
387 1461 415 1533 6,
428 1463 457 1534 4,
470 1462 487 1518 3
505 1461 567 1537 (ubi
581 1471 627 1522 est
639 1453 748 1543 Σὲξτος
759 1455 912 1546 Κερεάλιος
927 1471 957 1522 et
971 1453 1082 1544 Σὲξτου
1094 1457 1256 1544 Κοριαλεόυ)
1271 1475 1301 1524 et
1317 1467 1345 1538 3,
1359 1467 1388 1540 7,
1401 1467 1450 1526 32.

107 1566 140 1636 4,
160 1563 226 1635 9,9
253 1563 316 1636 (ubi
339 1571 385 1622 est
406 1555 553 1645 Ksptce'iucc
575 1566 624 1623 vel
645 1555 810 1646 Κοροαλοος)
834 1571 863 1622 et
884 1566 913 1638 7,
934 1566 962 1638 6,
986 1567 1000 1622 1
1025 1564 1089 1640 (ubi
1112 1573 1158 1624 est
1178 1559 1331 1648 Κιροαλιόυ
1355 1563 1451 1626 Otisrt-

107 1663 229 1739 κανοῦ)
249 1663 350 1722 scribit
369 1667 533 1740 praefuisse
548 1667 659 1742 legioni
673 1667 703 1724 V
717 1667 938 1726 Macedonicae.
976 1663 1044 1739 Quo
1063 1667 1131 1725 loco
1151 1668 1178 1725 ei
1197 1667 1368 1745 praefuerit,
1391 1690 1450 1729 non

106 1777 175 1825 tam
201 1775 315 1826 certum
341 1775 386 1824 est
412 1785 501 1843 quam
529 1769 647 1828 somnia
676 1785 746 1828 esse
776 1787 853 1844 quae
878 1767 1037 1826 Reuierius
1064 1768 1120 1826 hac
1145 1770 1301 1828 occasione
1328 1771 1453 1846 protulit

107 1871 148 1928 de
175 1867 327 1946 praelecto
355 1869 488 1944 equitum
514 1870 656 1948 legionis,
686 1871 738 1946 qui
764 1870 864 1929 nullus
890 1888 1031 1946 umquam
1058 1869 1127 1942 fuit,
1159 1869 1328 1948 similiaque
1353 1873 1449 1949 plura.

106 1973 206 2048 Apud
227 1971 390 2048 Iosephum
413 1971 492 2048 quod
514 1973 622 2050 legitur
645 1973 674 2044 3,
690 1973 718 2044 7,
734 1971 789 2031 32:
818 1962 949 2054 ἔπαρχον
975 1957 1042 2028 duros
1068 1971 1121 2028 τοῦ
1145 1961 1273 2040 eripimus
1300 1963 1450 2050 τάγματος

108 2082 140 2132 et
171 2073 201 2145 6,
221 2075 250 2146 4,
273 2075 306 2132 3:
336 2067 367 2130 ri
394 2063 518 2140 niustreco
544 2059 667 2150 ἄγοντος
691 2063 794 2150 τάγμα
820 2091 856 2132 eo
884 2075 995 2132 ducunt
1024 2082 1076 2132 uut
1106 2073 1236 2150 legatum
1261 2095 1329 2133 eum
1355 2076 1449 2136 fuisse

104 2187 162 2234 aut
184 2186 265 2234 certe
286 2175 467 2252 praefectum
488 2175 569 2234 vices
588 2175 679 2254 legati
701 2175 874 2247 facientem,
898 2175 972 2233 illud
994 2175 1131 2250 equidem
1154 2175 1356 2252 praetulerim,
1379 2198 1447 2237 cum

104 2278 289 2356 praesertim
317 2277 344 2350 7,
365 2277 393 2349 6,
416 2281 429 2334 1
460 2277 600 2336 addatur:
633 2277 671 2338 οἷς
702 2271 752 2348 suiv
776 2269 918 2334 ’laudatar
947 2268 1130 2360 πρεσβευτὴς
1156 2271 1304 2342 Λουκίλιος·
1330 2269 1447 2342 Buteo-cc

103 2367 292 2456 ἐκπεμφθεὶς
316 2367 364 2436 καῖ
389 2373 438 2450 τήν
460 2373 594 2463 πραταὶν
615 2373 695 2460 παροῖ
717 2370 869 2462 Κερεαλίου
894 2373 1079 2436 Οὐετιλιανοῦ
1099 2369 1291 2462 παραλαβών.
1336 2378 1449 2441 Contra

104 2484 160 2560 qui
182 2482 280 2540 iacere
302 2479 420 2539 videtur
440 2481 524 2540 locus
547 2481 576 2552 3,
593 2482 621 2554 7,
639 2483 691 2540 34:
715 2472 825 2562 Σέξτος
845 2501 886 2540 τις
907 2471 1057 2560 Κερεάλιος
1078 2473 1240 2561 χιλίαρχος
1264 2471 1312 2538 καὶ
1337 2473 1447 2540 Πλάκι-

106 2581 159 2646 δος
188 2583 343 2644 evidenter
370 2582 534 2643 mendosus
564 2595 610 2642 est
640 2591 669 2641 et
698 2584 740 2640 ita
769 2582 830 2640 iere
860 2582 1054 2658 corrigendus
1085 2571 1195 2662 Σέξτος
1224 2573 1371 2662 Κεριιέλιος
1398 2574 1445 2642 καὶ

103 2675 272 2765 χιλοάρχᾶς
297 2705 338 2744 τις
363 2675 517 2752 Πλάκιδος,
544 2685 668 2744 alterius
694 2685 771 2743 enim
799 2685 903 2760 paullo
929 2692 997 2742 ante
1023 2683 1174 2759 Iosephus
1196 2685 1381 2744 meminerat,
1404 2719 1444 2730 -

103 2788 258 2846 Diversus
284 2797 330 2844 est
359 2785 392 2846 0.
416 2785 596 2846 Vettulenus
625 2784 729 2845 Civica
756 2785 898 2860 Cerialis,
926 2805 1014 2862 quem
1040 2785 1145 2844 titulus
1174 2783 1444 2846 Chersonesitanus

103 2890 219 2948 allatus
246 2909 265 2947 a
286 2888 533 2966 Waddingtoni0:
562 2931 680 2946 .....
682 2903 716 2945 iz:
734 2931 767 2946 ..
793 2889 927 2972 Κεραίλον
956 2877 1160 2970 αὐτοκράτορος
1187 2883 1445 2967 Οὖ[ιο·]πασιανοῦ

100 2983 251 3074 Καῖσαρος
273 2983 435 3056 Σεβαστοῦ
460 2981 640 3070 aprutiensis
662 2977 710 3046 ucri
731 2980 953 3070 ἆντατρᾶτηγον
980 2989 1110 3048 ostendit
1137 2990 1303 3066 imperante
1325 2993 1441 3070 Vespa·

103 3095 193 3153 siano
216 3093 350 3152 Moesiae
371 3093 547 3170 praefuisse,
573 3093 647 3150 haec
669 3092 718 3149 lex
742 3111 769 3150 a.
786 3091 824 3150 82
848 3091 919 3149 item
941 3091 1074 3150 Moesiae
1095 3091 1224 3168 legatum
1247 3091 1327 3166 facit,
1350 3104 1382 3152 ut
1403 3097 1440 3157 ab

103 3215 132 3256 a.
157 3204 238 3254 certe
257 3195 306 3267 79,
332 3213 392 3271 quo
419 3195 493 3253 obiit
513 3192 735 3270 Vespasianus,
762 3194 800 3250 ud
823 3213 848 3251 a.
867 3191 905 3252 82
928 3211 994 3250 cum
1017 3192 1115 3251 locum
1138 3194 1298 3252 obtinuerit
1319 3213 1442 3254 necesse

102 3299 152 3357 sit.
187 3297 271 3356 Idem
293 3305 341 3356 est
360 3295 464 3356 Civica
484 3293 612 3354 Cerialis
633 3300 664 3353 in
686 3295 752 3372 ipso
776 3296 869 3353 Asiae
892 3293 1105 3372 proconsulatu
1126 3296 1227 3370 paullo
1249 3306 1328 3368 ante,
1351 3316 1441 3373 quam

102 3398 266 3476 Agricolae
293 3399 330 3457 de
356 3417 392 3457 eo
422 3397 607 3457 sortiendum
636 3407 709 3469 erat,
739 3417 757 3454 a
783 3396 957 3456 Domitiano
984 3397 1102 3454 occisus
1134 3396 1274 3471 (Tacitus
1295 3399 1368 3474 Agr.
1385 3399 1439 3472 42;

102 3498 268 3560 Suetonius
290 3500 380 3559 Dom.
404 3499 465 3575 10).
495 3533 529 3543 -
560 3501 646 3556 Avus
668 3499 716 3556 hic
738 3497 833 3556 luisse
860 3497 979 3555 videtur
1004 3497 1134 3556 consulis
1161 3499 1303 3556 ordinarii
1330 3517 1357 3558 a.
1380 3501 1438 3559 137

102 3601 175 3662 Sex.
194 3600 347 3660 Vettuleni
370 3599 491 3660 (livione
513 3601 699 3678 Pompeiani.

191 3703 222 3778 7)
255 3701 418 3761 Consulum
442 3702 545 3760 horum
568 3703 691 3761 nomina
712 3695 782 3760 alibi
804 3719 863 3759 nou
886 3699 1015 3776 repperi,
1043 3701 1101 3759 nisi
1127 3701 1204 3759 forte
1230 3701 1353 3760 alterius
1376 3723 1436 3762 me-

101 3805 190 3864 minit
211 3801 316 3863 Celsus
343 3804 478 3880 aequalis
504 3803 597 3862 Plinii
623 3803 749 3862 iunioris
775 3801 867 3880 (apud
890 3801 1054 3878 Ulpianum
1077 3801 1344 3879 Dig.17,1‚1s):
1374 3824 1436 3863 cum

100 3905 241 3965 Aurelium
261 3905 378 3976 Quietus
400 3907 507 3981 despite·
528 3925 579 3964 auc
600 3907 707 3964 medt'co
727 3905 880 3963 mandasse
903 3906 1050 3973 diceretur,
1073 3912 1104 3962 ut
1124 3907 1155 3960 irs
1177 3905 1266 3962 tortia
1286 3907 1345 3962 eius
1364 3924 1435 3980 quos

100 4009 257 4067 Ravennae
278 4007 411 4078 tacebat,
437 4011 467 4066 r'n
493 4026 563 4083 quos
589 4007 717 4066 omnibus
743 4009 827 4064 cuais
853 4005 979 4064 secedere
1005 4004 1127 4076 solebat,
1154 4005 1386 4081 sphaeristerium
1409 4018 1434 4066 et

98 4110 276 4186 hypocausta
296 4118 323 4166 et
342 4109 484 4184 quaedam
505 4112 597 4184 ipsius
618 4107 775 4168 valetudini
796 4119 867 4184 apta
888 4124 942 4165 suu
965 4109 1093 4182 impensu
1108 4107 1229 4182 fuceret.

190 4207 220 4285 8)
252 4209 285 4268 in
306 4210 447 4286 capitolio
469 4229 521 4268 cm.
545 4221 613 4269 ectr.

188 4311 219 4386 9)
251 4311 283 4370 in
304 4311 371 4370 trib.
397 4343 438 4354 -
465 4311 619 4370 domitiani
647 4331 699 4370 om.
727 4314 813 4370 intus.
862 4311 944 4370 lnter
970 4311 1038 4370 loca
1064 4309 1132 4369 aedi
1158 4310 1239 4370 Iovis
1269 4308 1434 4388 Capitolini

98 4415 252 4491 proxima,
273 4413 304 4471 iu
326 4413 434 4489 quibus
454 4413 491 4471 ad
512 4433 539 4472 a.
560 4422 639 4472 certe
655 4413 693 4473 86
714 4432 784 4472 aera
806 4414 880 4472 haec
894 4413 1063 4489 figebantur
1078 4411 1150 4486 (vol.
1166 4411 1214 4469 III
1228 4431 1257 4488 p.
1274 4411 1360 4488 916),
1383 4413 1433 4471 tri·

98 4515 219 4573 bunalis
241 4516 439 4574 meminerunt
453 4515 512 4574 duo
532 4533 632 4574 eorum
653 4533 679 4574 a.
697 4514 735 4573 86
757 4535 786 4573 n.
802 4513 891 4572 XIII.
908 4514 985 4572 XIV
1004 4515 1061 4574 sic:
1085 4517 1115 4572 ia
1133 4513 1275 4588 Capitolio
1292 4524 1360 4590 post
1376 4523 1433 4572 tro-

95 4635 174 4692 paeo
199 4615 364 4675 Germanici
385 4620 415 4674 iu
437 4617 576 4676 mibanati
597 4635 670 4693 quoe
691 4627 755 4676 sunt
776 4616 816 4673 ud
837 4617 934 4674 aedem
957 4616 1040 4674 Fidei
1056 4633 1088 4690 p.
1111 4615 1148 4672 R.
1185 4613 1313 4673 Videtur
1334 4623 1432 4674 tamen

96 4717 229 4777 tribunal
251 4715 423 4776 Germanici
450 4717 614 4795 (idipsum
637 4719 754 4795 opinor,
779 4719 863 4776 cuius
890 4716 1025 4776 meminit
1050 4723 1172 4775 senatus
1198 4717 1367 4775 consultum
1393 4717 1431 4775 de

96 4837 226 4878 excessu
245 4819 308 4877 eius
323 4819 368 4878 VI
387 4840 415 4878 n.
432 4817 491 4878 912
514 4839 541 4878 v.
560 4819 611 4878 12:
635 4824 665 4878 ia
687 4819 827 4878 tribunali
847 4818 1017 4893 urormcrec)
1040 4819 1190 4877 diversum
1209 4817 1302 4877 fuisse
1320 4817 1431 4875 abhoc

94 4922 214 4981 Flavio.
256 4920 452 4980 Inveniuntur
473 4923 634 4998 aliquoties
656 4921 832 4994 tribunalia,
859 4921 921 4979 lere
943 4929 976 4978 nt
998 4939 1078 4992 arae,
1100 4919 1189 4979 modo
1211 4918 1358 4978 defunctis
1380 4918 1430 4977 dc·

93 5024 195 5084 dicatu
216 5023 330 5081 honore
348 5023 495 5099 singulari
511 5023 651 5100 (Tacitus
667 5041 734 5082 ann.
753 5021 781 5093 9,
798 5023 852 5081 83:
876 5023 1002 5082 triturat
1015 5021 1221 5098 Epidaphnae,
1246 5039 1300 5096 quc
1318 5024 1348 5078 in
1368 5019 1428 5078 loco

93 5131 183 5184 citam
197 5125 318 5200 finierat
339 5122 552 5201 Germanicus)
575 5144 629 5185 nec
650 5125 707 5184 nisi
729 5125 917 5203 permittente
938 5123 1066 5200 collegio
1088 5123 1262 5198 pontificum
1284 5121 1335 5196 (cf.
1358 5120 1427 5178 titu-

92 5227 143 5286 lus
166 5225 400 5286 Beneventanus
421 5226 444 5284 1.
460 5225 496 5285 a
513 5225 553 5286 N.
573 5248 602 5286 n.
618 5229 710 5288 1537:
733 5247 784 5287 cas
805 5229 941 5286 disemum
957 5268 1005 5288 ...
1014 5229 1114 5302 posuit
1129 5235 1155 5284 et
1168 5223 1294 5284 tribunal
1311 5241 1345 5282 ec
1361 5241 1429 5300 per·
