3428 5970
212 651 365 703 amoma
392 650 629 703 rourrrsuss
656 649 918 700 uouvusuuvu
945 649 1222 702 cnusmrnnvu.
1307 630 1380 702 485

64 841 106 886 tus
135 837 180 885 est
209 827 345 902 fastigio,
375 827 456 902 quod
482 845 548 884 cum
577 825 751 902 epistylium
779 825 938 902 parastatis
966 825 1085 884 incubet
1112 825 1210 902 ipsum
1239 825 1384 886 columnis

62 929 199 990 suffulciri
222 927 387 1004 ridetur1).
429 928 557 987 Inferior
579 928 761 986 monumenti
784 945 854 1005 pars
873 945 940 986 cum
962 928 991 984 ri
1014 927 1148 986 adhibita
1168 927 1257 1005 plane
1279 948 1385 988 eversa

62 1034 110 1104 sit,
136 1043 235 1090 tamen
261 1051 327 1090 cum
354 1031 434 1089 intus
462 1031 540 1090 baud
563 1030 655 1088 dubia
676 1029 790 1107 antiqui
812 1031 975 1107 pavimenti
1000 1031 1129 1108 vestigia
1151 1040 1316 1107 appareant
1336 1051 1384 1090 co·

62 1137 224 1194 lamnarum
246 1133 372 1192 altitudo
394 1141 476 1192 certa
497 1134 613 1192 ratione
635 1133 833 1192 demonstrari
855 1141 961 1210 potest.
1006 1133 1056 1192 Ad
1077 1152 1222 1208 pronaum
1244 1155 1298 1212 per
1320 1153 1385 1194 sca·

63 1237 103 1294 las
125 1238 236 1296 aditum
258 1237 362 1306 luisse,
384 1237 439 1295 etsi
461 1237 593 1311 ipsarum
616 1235 689 1292 nihil
712 1243 858 1312 superest,
880 1247 910 1294 et
930 1235 989 1294 loci
1011 1245 1116 1294 natura
1139 1235 1226 1295 docet
1249 1245 1277 1294 et
1296 1237 1384 1296 huius

63 1359 122 1397 eum
144 1339 214 1398 aliis
237 1339 436 1396 monumentis
459 1339 564 1397 vicinis
587 1339 780 1415 comparatio,
801 1338 883 1396 velut
905 1337 985 1412 quod
1001 1337 1116 1414 Berylli
1136 1346 1258 1396 vocatur
1274 1339 1384 1397 colum·

63 1441 186 1513 barium,
213 1443 250 1500 cl.
278 1441 337 1500 tab.
354 1441 368 1497 1
385 1439 457 1512 CD;
485 1459 539 1498 nec
567 1441 664 1498 minus
692 1441 758 1516 ipsa
784 1441 986 1498 columnarum
1013 1440 1205 1499 mensurain
1228 1449 1387 1501 causaest

65 1563 111 1602 cur
130 1545 160 1602 in
182 1543 383 1602 fundamentis
406 1553 453 1601 sat
474 1542 582 1618 amplis
605 1561 657 1602 eas
678 1543 792 1618 positas
813 1542 908 1600 fuisse
930 1551 1105 1602 statuamus.

140 1647 322 1723 Epistylium
354 1645 432 1722 quod
462 1664 522 1703 una
549 1663 615 1703 cum
643 1645 775 1722 zophoro
805 1644 915 1721 optime
944 1653 1153 1704 conservatum
1182 1655 1243 1720 est,
1276 1647 1386 1724 quippe

63 1751 126 1808 rivo
152 1767 228 1808 saxo
255 1749 403 1820 excisum,
435 1749 509 1806 duas
531 1747 642 1805 fascias
665 1748 755 1805 habet
776 1747 898 1804 alteram
922 1747 1006 1805 alteri
1033 1748 1247 1820 imminentem,
1276 1749 1386 1824 quibus

65 1871 135 1928 quae
161 1852 361 1928 superiniecta
388 1859 434 1909 est
456 1850 530 1908 stria
551 1849 652 1924 paullo
674 1849 762 1908 latior
784 1851 870 1908 titulo
892 1849 1074 1908 dedicatorio
1097 1851 1241 1926 inscripta
1262 1859 1321 1922 est,
1349 1851 1386 1910 cf.

64 1955 151 2013 Inser.
176 1957 202 2012 l.
253 1953 418 2029 Fastigium
453 1951 573 2010 urceolo
604 1961 634 2009 et
662 1961 767 2028 patera
795 1959 930 2011 ornatum
960 1952 1108 2029 utrimque
1136 1953 1173 2010 ad
1201 1967 1387 2030 metoparum

65 2056 280 2115 similitudinem
312 2055 447 2132 singulos
476 2054 565 2112 habet
593 2064 745 2132 serpentes
774 2055 851 2112 inter
878 2055 963 2113 binas
992 2073 1060 2113 aras
1090 2056 1279 2131 exsculptos,
1311 2075 1386 2132 quae

65 2160 278 2235 triglyphorum
300 2159 367 2216 loco
390 2166 468 2217 sunt.
506 2154 714 2234 Capitnlorum
737 2165 896 2233 supersunt
918 2157 1002 2216 abaci
1018 2158 1123 2230 mutili,
1147 2175 1272 2234 quorum
1289 2169 1387 2216 tamen

65 2263 145 2320 alteri
171 2281 238 2320 cum
265 2260 381 2337 pulvini
405 2259 585 2335 volutaeque
607 2260 719 2335 aliquid
741 2259 917 2318 adhaereret
938 2279 1003 2318 cum
1027 2260 1144 2318 acanthi
1166 2259 1292 2332 foliolis,
1319 2261 1388 2320 inde

66 2365 218 2440 pristinam
240 2363 364 2422 formam
387 2363 588 2438 redintegrare
610 2370 736 2420 conatus
759 2380 836 2434 sum,
860 2381 885 2419 v.
910 2363 967 2420 tab.
984 2361 1036 2420 lF.

142 2466 294 2524 Vestibuli
323 2465 387 2524 sive
413 2465 518 2540 pronai
544 2465 709 2542 parietibus
735 2464 945 2540 inscriptiones
973 2463 1107 2524 Graecae
1134 2463 1320 2542 Latinaeque
1346 2466 1388 2523 in-

67 2569 139 2626 cisae
165 2575 250 2641 sunt,
276 2585 402 2643 quarum
430 2586 505 2644 quae
531 2566 706 2644 ingredienti
733 2567 862 2624 adversa
889 2576 935 2625 est
960 2567 1079 2625 acanthi
1104 2566 1186 2625 loliis
1216 2567 1254 2625 ab
1281 2568 1388 2626 ceteris

67 2672 238 2747 seiungitnr.
276 2668 338 2730 Sub
359 2671 414 2728 hac
434 2670 626 2746 inscriptione
648 2688 723 2745 quae
743 2669 799 2728 fuit
821 2670 892 2728 olim
913 2676 1001 2746 porta
1021 2668 1058 2726 ad
1078 2677 1234 2747 angustam
1251 2668 1387 2727 cellulam

68 2773 247 2832 conducebat
273 2772 474 2849 compluribus
500 2772 608 2831 loculis
637 2772 775 2850 oblongis
801 2773 989 2844 instructam,
1017 2771 1094 2829 unde
1117 2791 1170 2847 per
1194 2771 1304 2848 gradus
1336 2771 1390 2829 ali-

68 2885 136 2950 quot
161 2877 200 2934 ad
228 2893 375 2934 cameram
400 2876 497 2950 ipsam
525 2874 719 2951 sepulcralem
747 2875 936 2933 descenditur
958 2891 1047 2948 opere
1069 2874 1224 2931 coronario
1246 2874 1390 2934 incrusta-

69 2988 137 3048 tam‚
164 2977 283 3053 dequo
306 2986 423 3054 praeter
445 2996 543 3053 pauca
564 2977 682 3034 acanthi
703 2977 777 3036 lolia
800 2974 952 3053 Gorgonis
975 2983 1064 3052 caput
1086 2985 1223 3050 superest
1244 2976 1390 3052 anguibus

68 3081 216 3152 crinitum,
243 3080 403 3137 maximam
429 3085 528 3138 tamen
550 3089 665 3154 partem
688 3079 718 3138 id
739 3097 879 3138 manuum
902 3079 932 3136 ri
954 3077 1089 3136 deletum.
1134 3077 1233 3136 Huius
1256 3097 1391 3137 camerae

69 3184 193 3258 parietes
221 3193 298 3241 tecto
324 3181 491 3258 propinqua
512 3200 623 3240 corona
643 3181 735 3240 ambit
757 3201 816 3240 non
837 3181 962 3240 multum
984 3181 1170 3258 prominens,
1198 3181 1247 3239 ubi
1268 3182 1392 3241 vascula

69 3304 216 3362 urnasque
238 3283 399 3342 cinerarius
422 3283 535 3361 positas
556 3285 650 3342 fuisse
673 3285 863 3355 coniecerim
886 3284 964 3342 infra
979 3283 1015 3344 ad
1031 3285 1165 3342 dextram
1182 3283 1392 3360 sinistramque

69 3386 152 3446 loculi
175 3387 312 3464 perlongi
333 3385 496 3460 parietibus
519 3387 644 3446 immissi
666 3388 704 3444 ad
726 3387 931 3445 defunctorum
951 3406 1078 3464 corpora
1091 3386 1209 3462 integra
1222 3387 1393 3464 recipienda

69 3490 218 3565 maiorque
245 3489 333 3546 etiam
360 3497 390 3545 et
415 3488 592 3565 profundior
617 3491 648 3547 in
670 3489 776 3566 apsida
798 3498 937 3546 curvatus
960 3489 1074 3547 loculus
1096 3490 1127 3546 in
1149 3489 1263 3566 pariete
1284 3487 1390 3559 medio,

70 3591 180 3651 duobus
207 3591 293 3650 lactis
320 3596 423 3666 aptus,
450 3590 499 3647 ubi
521 3591 644 3649 dubium
666 3611 725 3649 non
748 3600 793 3648 est
814 3591 886 3667 quin
907 3591 1002 3666 ipsius
1025 3591 1205 3668 Pomptillae
1227 3599 1391 3667 posteaque

70 3693 198 3770 Philippi
221 3693 277 3751 viri
299 3709 370 3750 ossa
391 3691 511 3750 condita
532 3692 650 3766 luerint,
672 3693 709 3751 cf.
732 3694 823 3751 lnser.
844 3695 890 3750 13.

146 3796 242 3854 Varia
268 3795 322 3852 illa
347 3812 422 3870 quae
448 3795 479 3852 in
506 3804 653 3853 aetomate
676 3796 773 3854 efficta
793 3795 924 3854 diximus
947 3796 1097 3872 symbola,
1126 3795 1151 3852 si
1173 3795 1294 3870 quidem
1316 3813 1391 3871 opus

70 3908 111 3956 est
135 3898 293 3977 explicari,
321 3897 465 3972 explicari
491 3899 581 3956 variis
604 3897 701 3956 modis
723 3909 862 3974 possunt:
889 3898 970 3957 velut
992 3897 1173 3975 serpentium
1194 3897 1339 3976 imagines
1360 3905 1393 3956 ut

71 4010 193 4073 possunt
220 4001 257 4059 ad
283 4003 400 4061 animae
426 4000 679 4060 immortalitatem
705 4009 915 4077 aeternamque
941 4007 1009 4076 post
1030 4008 1155 4058 mortem
1178 4000 1268 4058 vitam
1288 3999 1393 4058 referri

69 4100 108 4160 ita
127 4104 230 4162 nescio
251 4123 290 4162 an
312 4105 451 4164 subtilius
472 4103 692 4178 interpretanda
714 4104 782 4161 sint.
819 4102 855 4161 In
876 4102 964 4161 titulo
987 4101 1064 4160 enim
1083 4101 1265 4160 dedicatorio
1281 4101 1392 4178 Pomp-

71 4203 131 4262 tilla
152 4214 276 4264 vocatur
296 4207 501 4279 benedicta,
525 4224 584 4281 quo
607 4206 782 4282 cognomine
804 4205 916 4263 Isidem
937 4204 1085 4262 interdum
1107 4204 1288 4280 appellatam
1310 4203 1392 4262 novi-

71 4325 144 4367 mus:
173 4309 239 4367 eius
266 4308 339 4366 deae
365 4327 485 4385 serpens
512 4309 657 4366 sollemne
682 4316 746 4364 erat
767 4307 890 4382 insigne.
934 4307 1047 4365 Divino
1070 4313 1166 4364 autem
1188 4305 1247 4364 ritu
1270 4325 1392 4365 uxorem

71 4409 124 4466 coli
145 4410 241 4470 voluit
260 4410 420 4490 Philippus
443 4430 508 4469 cum
530 4411 586 4469 hos
610 4427 711 4468 versus
734 4409 877 4468 scriberet
898 4407 950 4484 (cf.
973 4409 1153 4485 Inscr.14):

350 4549 475 4607 lunonis
498 4549 585 4606 sedes
606 4547 739 4605 infernae
761 4547 871 4605 cernite
894 4548 1006 4605 cuncti:

350 4654 472 4710 numine
493 4659 606 4709 mutato
627 4649 722 4726 fulget
743 4649 906 4724 Pomptilla
927 4667 980 4723 per
1002 4667 1116 4707 aevom.

72 4783 149 4846 llaec
170 4787 232 4845 fere
254 4796 322 4846 sunt
343 4808 420 4864 quae
442 4789 480 4846 ad
503 4787 729 4846 describendum
753 4786 952 4844 clarissimum
975 4787 1054 4862 apud
1076 4785 1267 4846 calaritanos
1289 4805 1393 4846 monu-

73 4899 199 4948 mentum
221 4892 382 4964 pertinent:
411 4891 463 4950 sed
486 4891 660 4966 priusquam
683 4888 798 4948 dicendi
821 4888 908 4947 finem
930 4889 1047 4963 faciam,
1074 4889 1243 4948 fabularum
1266 4889 1392 4948 curiosis

73 5091 269 5105 ¹·-—-—-——-·—-=

142 5253 166 5317 ¹)
193 5256 323 5306 V.tab.1
347 5255 390 5305 nbi
416 5257 517 5320 qualem
537 5271 584 5320 ego
604 5255 737 5304 restituere
757 5259 862 5305 conatus
882 5271 937 5305 sum
957 5255 1088 5304 aediculae
1107 5253 1255 5318 adspectum
1275 5267 1327 5302 non
1347 5253 1392 5303 du-

71 5343 119 5396 bito
139 5349 199 5413 quin
220 5365 277 5398 cum
296 5350 401 5414 antiqua
419 5349 504 5412 specie
523 5349 576 5398 fere
595 5355 726 5412 congruat.
