3428 5970
539 629 907 694 vuusnsrronvuova.
1316 611 1388 687 509

62 807 212 864 interioris
234 805 424 884 neglegenter
446 806 574 883 scriptae
597 815 627 864 et
647 815 806 884 propterea
826 804 904 865 lectu
926 805 1068 865 difficilis.
1104 804 1308 865 Nihilominus
1323 825 1388 866 cnm

63 909 176 966 litterae
198 909 344 985 quaedam
365 907 503 968 effractae
532 907 580 967 vel
608 908 646 966 ob
673 909 749 966 alias
776 926 882 966 causas
907 907 1015 968 dubiae
1036 909 1209 987 scrupulum
1233 909 1304 968 mihi
1327 929 1389 968 mo-

63 1011 184 1083 vissent,
211 1011 304 1069 oeulis
326 1013 401 1070 meis
424 1012 565 1069 tabellam
589 1023 621 1068 ut
643 1011 791 1088 inspicere
812 1010 914 1069 liceret
934 1009 1107 1070 Berolinum
1129 1012 1349 1084 transmissam,
1372 1032 1391 1070 a

62 1114 152 1170 musei
175 1113 326 1191 praelecto
348 1112 510 1173 Francisoo
527 1113 663 1192 Pulszky
683 1113 795 1188 optimo
812 1115 909 1172 amico
925 1121 954 1172 et
968 1114 1072 1172 horum
1088 1113 1253 1172 studiorum
1268 1115 1388 1191 egregio

62 1223 185 1290 patrono
207 1213 375 1293 impetrari.
411 1215 523 1274 Iterum
547 1215 625 1274 edidi
647 1233 704 1292 ego
726 1215 848 1273 adiectis
870 1215 982 1274 tabulis
1000 1226 1121 1275 curante
1137 1215 1249 1275 Ottone
1263 1215 1388 1275 Hirsch-

61 1317 116 1374 leld
140 1313 368 1394 diligentissime
386 1315 469 1394 ligno
485 1317 637 1395 expressis
653 1318 733 1394 apud
749 1316 960 1376 Benndorfium
976 1325 1007 1378 et
1020 1317 1254 1377 Hirschfeldium
1270 1317 1387 1376 araldo·

63 1419 401 1498 lepisti-epigraphisclre
415 1419 631 1498 Mtttlteiloaqen
646 1439 700 1479 aas
720 1419 891 1481 Orator-reicit
909 1419 965 1479 rol.
979 1421 997 1479 3
1013 1419 1125 1496 (1879)
1141 1439 1169 1496 p.
1182 1418 1200 1478 7
1213 1439 1286 1496 seq,
1309 1419 1387 1480 unde

62 1539 134 1597 quae
154 1531 322 1599 sequuntur
342 1523 469 1599 repetita
490 1530 568 1582 sunt.

99 1623 146 1683 De
172 1625 302 1684 lectione
327 1625 403 1683 haec
428 1625 614 1685 observanda
637 1633 715 1684 sunt.
738 1658 777 1668 -
801 1625 902 1686 Partis
924 1623 1074 1685 interioris
1095 1643 1122 1683 v.
1143 1627 1157 1683 1
1181 1625 1269 1684 tertia
1289 1625 1389 1686 littera

61 1745 133 1802 quae
160 1725 281 1787 ridetur
305 1727 401 1786 fuisse
426 1747 447 1787 Α
472 1747 532 1788 non
559 1727 634 1787 satis
660 1737 743 1787 certa
768 1736 823 1788 est.
848 1761 887 1774 -
910 1729 928 1786 3
951 1745 1005 1804 pro
1026 1743 1043 1785 r
1065 1726 1243 1805 Hampelius
1265 1727 1337 1804 legit
1359 1744 1388 1801 rt,

60 1847 115 1888 nou
137 1839 230 1890 recte.
254 1863 292 1876 -·
318 1831 352 1888 ll
377 1846 419 1888 Ατ
440 1830 541 1908 potius
560 1839 608 1890 est
625 1847 715 1906 qnam
735 1830 816 1906 quod
833 1829 915 1888 dedit
933 1829 1062 1906 Hampel
1081 1846 1128 1888 τΑ.
1151 1861 1189 1876 -·
1211 1830 1314 1890 Partis
1336 1851 1388 1890 ex·

62 1932 174 1992 terioris
198 1951 226 1992 v.
244 1933 260 1989 7
283 1939 352 1991 aute
374 1947 511 1992 strovntc
531 1931 612 2010 quod
634 1941 768 1992 remanet
789 1933 929 2010 exiguum
952 1931 1089 1991 elementi
1110 1933 1268 2010 vestigium
1289 1951 1344 2011 pro
1364 1949 1386 1990 u

61 2033 95 2091 ab
120 2034 284 2113 Hampelic
312 2045 465 2113 acceptum
491 2053 549 2094 non
577 2035 675 2094 minus
701 2043 782 2093 recte
809 2035 847 2093 ad
870 2051 893 2106 t,
918 2051 947 2108 t,
974 2051 1007 2106 Α,
1033 2051 1059 2092 ra
1085 2043 1140 2094 cet.
1166 2034 1319 2094 referetur.
1345 2067 1387 2078 -

60 2135 78 2194 8
101 2137 200 2213 prima
225 2135 325 2196 littera
350 2137 445 2196 fracta
470 2155 540 2196 num
567 2153 584 2195 t
609 2137 700 2196 luerit
725 2157 762 2194 ao
784 2155 810 2196 nt
831 2137 923 2209 velt,
949 2137 1131 2212 aliquamdiu
1157 2137 1265 2196 dubius
1292 2139 1387 2212 haesi,

61 2238 108 2296 sed
131 2257 202 2297 aere
224 2240 382 2316 diligenter
403 2239 592 2324 considerato
615 2238 768 2315 Hampelii
792 2239 950 2298 lectionem
973 2239 1093 2298 omnine
1115 2240 1298 2318 probandam
1321 2258 1388 2300 esse

60 2349 87 2396 et
110 2359 166 2418 ego
194 2339 332 2400 intellexi
358 2351 387 2400 et
412 2341 625 2401 intellexerunt
650 2361 718 2400 aere
740 2343 876 2420 iuspecto
898 2341 956 2399 viri
976 2341 1064 2418 periti
1086 2341 1147 2400 alii.
1171 2375 1209 2384 —
1232 2342 1268 2400 In
1290 2343 1411 2402 redin-'

61 2443 224 2519 tegratione
246 2445 410 2521 spatiorum
432 2445 577 2503 rationem
599 2444 642 2502 ita
663 2443 765 2514 habui,
789 2452 822 2502 ut
843 2451 966 2520 propter
986 2445 1162 2521 compendia
1183 2444 1341 2503 arbitraria
1356 2447 1387 2504 in

60 2543 114 2602 hoe
133 2561 244 2622 genere
265 2547 429 2624 scripturae
450 2547 481 2604 in
502 2555 586 2622 parte
608 2546 748 2604 interiore
769 2546 908 2624 vulgaria
933 2546 974 2604 ibi
1001 2564 1132 2622 quoque,
1160 2545 1209 2605 ubi
1231 2547 1386 2606 vocabulis

60 2647 145 2704 solito
172 2667 256 2706 more
283 2649 457 2726 perscriptis
486 2649 615 2724 spatium
642 2647 758 2720 deerat,
789 2655 946 2707 consuetas
976 2648 1123 2707 formulas
1149 2648 1304 2707 retinerem
1332 2667 1386 2707 ex·

60 2757 143 2825 cepto
166 2769 229 2808 uno
251 2750 319 2808 loeo
340 2752 393 2809 int.
410 2752 438 2824 6,
461 2751 512 2809 ubi
533 2769 599 2808 cum
622 2753 791 2828 requiratur
812 2750 873 2826 [ors
892 2765 1076 2809 ravarnvsva
1092 2767 1226 2810 srasmrrs
1241 2751 1385 2826 ntratss]1s

60 2865 205 2910 Honesta
219 2867 359 2927 ratssmtt,
382 2853 522 2912 deficiant
542 2859 639 2911 autem
661 2852 779 2911 litterae
801 2853 1005 2912 tantummodo
1027 2853 1094 2930 plus
1116 2853 1214 2912 minus
1235 2853 1385 2925 tredecim,

59 2965 241 3012 atvatsvsvs
264 2955 442 3014 vocabulum
458 2955 553 3014 omisi.
578 2989 615 2998 -
639 2954 724 3012 Extr.
744 2955 781 3014 10
796 2973 850 3030 pro
864 2955 988 3014 cohortis
1003 2955 1106 3014 eodem
1120 2955 1184 3014 iure
1199 2957 1271 3032 poni
1285 2964 1386 3033 potest

60 3054 131 3126 alae,
153 3055 227 3114 item
252 3059 286 3115 11
312 3056 486 3134 [dcc]arioae
507 3075 562 3134 pro
585 3061 752 3116 emturioae.

98 3155 244 3217 Consulis
269 3159 391 3218 alterius
417 3177 525 3218 nomen
551 3158 631 3236 quod
657 3159 799 3218 remansit
826 3159 943 3218 Aemilii
967 3158 1066 3220 Severi
1095 3158 1265 3220 Cantabriae·
1296 3160 1385 3237 plane

59 3259 191 3335 ignotum
206 3269 262 3332 est,
284 3270 318 3319 ut
337 3281 374 3321 ne
396 3262 526 3320 familiae
548 3262 666 3339 quidem
689 3261 753 3320 ulla
773 3263 916 3320 memoria
936 3270 1092 3340 praeterea
1113 3269 1217 3322 extare
1238 3262 1382 3324 videatur.

63 3359 236 3422 Cantabria·
261 3381 425 3441 cognomen
457 3364 532 3422 adeo
563 3383 640 3422 nunc
670 3364 798 3441 primum
828 3365 935 3440 opinor
964 3365 1124 3424 innotescit
1150 3365 1386 3442 componendum

59 3463 88 3521 id
108 3483 177 3524 cam
201 3464 1099 3544 Allotropteaoetttraectno(ct.c.1.1..v01.1p.178).
1142 3465 1283 3528 Severum
1307 3465 1385 3526 Can·

59 3567 209 3626 tabriuum
234 3568 383 3628 consulem
411 3567 566 3628 suffectum
593 3567 688 3627 fuisse
718 3586 811 3646 paene
844 3577 956 3626 eertum
987 3577 1035 3628 est
1064 3588 1132 3628 oum
1157 3579 1280 3647 propter
1305 3569 1384 3628 diem

60 3666 150 3747 (Aug.
171 3669 234 3746 11),
255 3679 315 3730 tum
338 3670 419 3748 quod
438 3671 517 3730 inter
538 3669 717 3744 ordinarios,
740 3678 774 3728 ut
795 3668 1011 3730 Cantabrinum
1033 3671 1163 3744 mittam,
1191 3690 1229 3730 ne
1256 3669 1385 3732 Severus

58 3771 179 3846 quidem
201 3772 279 3832 ullus
300 3771 456 3848 reperitur,
479 3773 514 3834 de
535 3791 595 3850 quo
616 3781 696 3832 recte
714 3773 889 3849 cogitemus.
925 3773 1031 3850 Itaque
1046 3773 1200 3852 probabile
1221 3781 1268 3832 est
1288 3773 1385 3851 legem

61 3883 125 3932 ante
147 3893 175 3934 a
193 3871 251 3932 247
275 3875 374 3934 datam
397 3891 478 3946 esse3
501 3894 569 3934 nam
590 3882 670 3934 certe
692 3875 729 3932 ab
751 3894 787 3934 eo
810 3883 942 3952 tempore
963 3875 1032 3935 inde
1054 3877 1085 3934 in
1107 3875 1221 3952 legibus
1243 3875 1292 3933 his
1313 3876 1383 3934 anni

60 3976 96 4032 ab
122 3976 282 4035 ordinariis
309 3987 517 4054 nuncupantur
542 3977 583 4052 (v.
612 3974 791 4036 Stcatsrecltt
809 3976 841 4034 2²
863 3999 892 4055 p.
914 3977 978 4052 88).
1008 4009 1049 4022 -
1080 3976 1156 4038 (lum
1185 3997 1223 4036 ex
1249 3977 1384 4054 reliquiis

61 4076 134 4153 legis
156 4095 232 4154 quas
253 4079 396 4138 habemus
418 4079 454 4138 de
477 4096 556 4136 anno
576 4098 636 4138 non
657 4087 781 4153 constet,
803 4099 841 4137 ne
856 4081 912 4137 hoc
926 4079 1043 4156 quidem
1067 4080 1258 4139 determinari
1275 4088 1383 4158 potest,

58 4180 142 4238 ,ouius
164 4180 350 4257 imperatoris
372 4198 533 4258 quorumve
555 4181 766 4259 imperatorum
792 4181 914 4240 nomina
936 4182 1122 4259 praescripta
1142 4181 1260 4241 fuerint
1304 4178 1384 4242 Sane

61 4281 110 4340 lex
136 4289 206 4341 ante
233 4281 454 4341 Diocletianum
481 4283 594 4360 scripta
621 4291 679 4355 est,
709 4303 774 4342 cum
800 4284 831 4341 in
857 4303 893 4342 eo
920 4283 1100 4360 collegisque
1125 4283 1284 4362 privilegia
1309 4284 1385 4342 haec

62 4383 200 4443 deficiant
229 4385 344 4444 ratione
375 4385 498 4445 militiae
529 4385 670 4446 universa
700 4385 866 4445 immutata.
915 4383 975 4445 Sed
1004 4386 1114 4444 adsunt
1138 4385 1249 4444 indicia
1276 4387 1384 4445 aetatis

59 4487 121 4545 alia
146 4486 250 4564 paullo
275 4487 411 4546 certiora.
455 4487 678 4546 Barbarismum
705 4507 759 4565 que
784 4507 838 4566 pro
863 4505 938 4564 quae
958 4485 1014 4558 Ill,
1036 4482 1073 4544 15
1095 4487 1126 4545 in
1148 4487 1320 4564 diplomatis
1347 4489 1384 4548 ad

62 4589 194 4649 Marcum
221 4607 316 4665 usque
342 4609 401 4648 non
427 4589 564 4666 reperiri,
593 4599 624 4648 at
652 4590 689 4648 ab
716 4609 794 4648 anno
821 4589 889 4647 inde
909 4587 969 4647 216
996 4597 1169 4649 constanter
1194 4591 1256 4650 sere
1278 4593 1386 4651 adesse

62 4693 162 4751 monui
187 4689 284 4752 0.111
302 4711 331 4769 p.
347 4690 418 4750 919.
460 4691 487 4749 Ε
513 4692 662 4750 connario
689 4711 727 4751 ex
752 4691 790 4752 iis
815 4709 891 4768 quae
918 4691 955 4750 de
981 4692 1151 4752 consulibus
1177 4693 1267 4752 modo
1292 4711 1386 4771 expo-

62 4795 109 4852 sui
135 4793 264 4854 eflicitur
288 4793 385 4870 legem
412 4813 490 4852 anno
514 4791 571 4851 247
599 4794 728 4870 priorem
755 4812 829 4854 esse.
879 4793 1017 4871 Denique
1039 4813 1093 4853 our
1113 4794 1216 4854 tabula
1236 4813 1296 4853 non
1317 4803 1386 4854 ante

61 4895 265 4956 Alexandrum
291 4895 404 4972 scripta
434 4913 502 4954 esse
531 4897 667 4955 videatur
691 4895 769 4954 infra
795 4896 979 4956 monstrabo.
1028 4897 1133 4974 Itaque
1160 4897 1312 4974 probabile
1338 4905 1386 4956 est

61 4997 157 5075 legem
180 5000 278 5058 datam
301 5016 370 5058 esse
389 4999 468 5058 inter
488 4999 695 5058 Alexandrum
717 5007 747 5058 et
768 4997 936 5074 Philippos.

103 5101 152 5160 Ex
173 5102 293 5160 nomine
314 5100 474 5174 exercitus,
495 5101 533 5159 ad
555 5119 643 5177 quem
665 5100 853 5178 privilegium
872 5101 1025 5176 pertinuit,
1046 5103 1077 5160 in
1092 5119 1160 5160 aere
1174 5118 1233 5160 non
1249 5109 1387 5178 superest

61 5203 120 5262 uisi
145 5221 217 5280 pars
237 5203 375 5262 vocabuli
399 5217 566 5274 ...salom
593 5203 724 5280 intellegi
745 5201 932 5262 Pannoniam
954 5203 1123 5262 inferiorem
1146 5202 1299 5280 colligitur
1320 5223 1386 5262 oum

63 5323 99 5362 ex
122 5306 199 5377 loco,
221 5305 298 5364 unde
321 5323 372 5364 aes
396 5305 506 5381 prodiit
528 5305 610 5382 (nam
632 5312 788 5364 veteranos
810 5305 903 5364 vitam
926 5305 1064 5385 exegisse
1086 5305 1148 5364 fere
1170 5305 1202 5364 in
1224 5306 1388 5382 provincia,

170 5407 215 5468 IV
1126 5409 1166 5467 34
