3394 5976
389 663 689 717 osssavsrrouss
715 663 999 716 arroasrfflona.
1285 642 1355 712 241

53 837 82 894 ad
103 856 231 896 normam
254 837 433 914 legionariae
459 838 608 896 formavit.
646 835 704 896 Sed
719 839 755 896 de
770 838 912 896 centuriis
930 837 1188 913 praetorianorum
1203 837 1361 912 quominus

51 952 117 998 certa
143 941 257 1000 ratione
282 941 456 1012 iudicemus,
484 941 584 1000 obstat
610 940 691 1016 quod
718 939 815 998 adhuc
840 941 1003 1016 ignoratur,
1028 946 1101 1016 quot
1121 938 1310 998 centuriones
1332 937 1363 994 in

50 1043 159 1118 singulis
192 1030 366 1102 cohortibus
396 1043 514 1101 suerint.
571 1045 719 1100 Auctores
749 1050 778 1100 et
805 1043 882 1102 tituli
895 1041 922 1118 ¹)
955 1051 1067 1112 tacent;
1111 1041 1256 1100 latercula
1286 1058 1363 1116 quae

49 1155 135 1202 extant
149 1146 277 1203 militum
299 1145 551 1222 praetorianorum
575 1145 630 1203 etsi
653 1145 802 1204 centurias
825 1157 947 1222 ponunt,
969 1145 1070 1204 omnia
1091 1146 1134 1204 ita
1154 1145 1261 1203 mutila
1282 1149 1362 1214 sunt,

51 1257 74 1304 nt
86 1248 136 1306 hoc
151 1267 243 1306 unum
260 1269 296 1306 ex
307 1248 458 1306 laterculis
475 1247 510 1306 0.
523 1246 578 1318 Vl,
596 1246 675 1306 2375
692 1257 722 1306 et
737 1247 838 1306 23790
860 1248 1002 1308 efficiatur
1022 1248 1054 1306 in
1076 1248 1198 1306 cohorte
1214 1246 1364 1322 praetoria

50 1371 96 1408 non
116 1351 210 1409 minus
234 1351 364 1426 quinque
386 1351 535 1409 centurias
558 1351 660 1421 luisse,
683 1351 735 1408 sed
754 1351 779 1408 is
795 1369 933 1410 numerus
956 1359 1054 1410 utrum
1074 1351 1179 1426 plenus
1201 1349 1241 1408 sit
1259 1367 1361 1420 necne,

49 1473 135 1528 parum
158 1461 287 1512 constat.
331 1451 436 1527 Neque
463 1471 538 1528 quae
564 1453 673 1510 tradita
702 1472 762 1511 non
789 1454 932 1514 habemus
960 1454 1009 1512 hic
1034 1453 1255 1529 comparatione
1281 1458 1364 1510 certa

50 1555 170 1630 supplere
196 1556 281 1626 licet;
313 1573 380 1612 narn
409 1574 447 1612 ex
473 1554 597 1630 reliquis
629 1555 802 1613 cohortibus
827 1556 972 1628 miliariis,
1000 1575 1077 1632 qnae
1100 1556 1183 1614 solae
1205 1563 1274 1631 apte
1296 1573 1363 1613 cum

50 1657 186 1730 praetoriis
209 1667 437 1734 componuntur,
461 1657 642 1733 legionariae
665 1657 778 1732 primae
799 1657 891 1717 denas
915 1659 1063 1718 centurias
1085 1660 1196 1717 habent
1218 1659 1273 1716 sub
1296 1675 1364 1714 cen·

49 1761 194 1817 orionibus
231 1759 340 1834 quinis,
374 1759 495 1836 vigilum
530 1741 682 1836 septenas'
703 1760 758 1818 sub
792 1761 934 1838 septenis,
968 1761 1146 1820 auxiliariae
1179 1760 1272 1819 denas
1306 1759 1362 1818 sub

52 1861 129 1930 denis,
150 1875 182 1919 ut
197 1871 311 1919 certam
326 1861 456 1936 regulam
473 1861 504 1918 in
519 1881 555 1920 ea
566 1880 601 1926 ,re
618 1861 807 1920 observatam
828 1881 896 1922 esse
919 1863 1087 1941 negandum
1103 1863 1150 1923 sit.
1188 1860 1267 1922 Sane
1282 1862 1364 1938 qnod

52 1964 119 2022 hodie
140 1973 293 2040 receptum
317 1971 363 2021 est
384 1963 415 2020 in
438 1963 566 2042 singulis
589 1965 760 2024 cohortibus
784 1967 943 2041 praetoriis
966 1977 998 2025 nt
1026 1967 1057 2025 in
1080 1965 1246 2025 auxiliariis
1269 1965 1363 2024 milia·

55 2066 88 2124 riis
107 2067 196 2124 denas
219 2067 371 2126 centurias
393 2067 488 2125 fuisse
510 2085 562 2141 per
584 2085 617 2125 se
638 2086 709 2126 vero
732 2069 831 2127 simile
852 2081 908 2128 est.

115 2169 161 2226 Ad
182 2169 310 2245 gradum
333 2169 536 2244 vocabuloque
557 2170 762 2228 centurionum
784 2171 1041 2248 praetorianorum
1067 2173 1118 2230 ubi
1138 2190 1193 2230 nos
1221 2170 1363 2230 converti-

53 2289 111 2342 mus,
131 2272 217 2348 primi
239 2271 293 2348 pili
313 2271 409 2330 instar
429 2281 476 2329 est
496 2289 610 2331 raruvs
633 2288 718 2330 ormo
742 2287 927 2332 concarrus
949 2289 1195 2334 rnnnroarnnvs
1214 2281 1302 2334 notus
1325 2291 1364 2330 ex

54 2373 121 2430 unico
140 2373 228 2432 titulo
252 2374 321 2432 hoc:

85 2477 124 2534 tt.
162 2475 198 2534 Ι..
223 2475 354 2535 Ouinius
377 2475 411 2535 L.
434 2477 455 2534 f.
480 2476 548 2535 Ter.
571 2476 667 2536 Rufus
690 2456 796 2556 prim.
817 2460 909 2532 ordo
929 2457 1137 2532 cohortium
1152 2469 1269 2559 praet.
1289 2455 1364 2530 divi

182 2557 362 2657 Augusti,
399 2584 483 2654 prim.
506 2579 558 2654 pr.
582 2579 639 2657 reg.
663 2581 760 2638 xrrrr
784 2599 874 2658 gem„
901 2582 969 2640 utu
998 2583 1058 2640 mu.
1081 2582 1194 2641 eonon.
1216 2581 1262 2640 xr
1285 2581 1364 2652 usu,

182 2682 253 2739 trib.
277 2682 338 2738 mil.
362 2683 428 2739 coh.
452 2681 498 2739 Ill
520 2694 613 2758 praet.
631 2715 668 2724 -
685 2686 803 2748 Venafri,
829 2687 920 2736 aetatis
945 2687 1109 2738 Tiberianae.
1143 2687 1166 2736 Ι.
1186 2686 1216 2737 R.
1238 2685 1271 2736 N.
1292 2683 1362 2735 4641

184 2805 218 2827 =
234 2787 342 2836 Henzen
362 2787 464 2836 succa.

57 2871 99 2930 Sed
128 2883 157 2932 nt
187 2875 261 2934 hinc
293 2885 409 2934 constat
436 2879 575 2954 Augusto
608 2877 772 2954 imperante
805 2878 919 2954 primae
951 2857 1283 2954 cohortispraetoriae
1305 2877 1364 2956 pri·

58 2993 118 3033 num
139 2979 344 3036 centurionem
367 2998 433 3036 eum
455 2979 517 3038 fere
539 2980 636 3037 locam
660 2981 690 3038 in
713 2981 863 3056 praetorio
886 2981 1027 3052 tenuisse,
1050 3001 1137 3057 quem
1160 2985 1273 3058 primus
1289 2979 1368 3057 pilus

56 3077 77 3132 in
92 3079 199 3154 legione
221 3090 315 3152 tenet,
341 3081 383 3138 ita
404 3082 455 3138 vix
478 3082 634 3157 probabile
651 3091 695 3139 est
717 3083 747 3138 id
769 3082 910 3160 deinceps
932 3101 1052 3160 quoque
1073 3083 1247 3142 obtinuisse.
1287 3081 1365 3142 Nam

61 3181 147 3250 prinus
168 3183 244 3240 ordo
267 3183 318 3240 ille
340 3183 364 3241 si
388 3184 559 3254 mansisset,
585 3185 637 3242 vix
660 3185 696 3242 de
722 3203 757 3242 eo
785 3195 813 3242 et
840 3193 977 3244 auctores
1006 3185 1127 3244 silerent
1150 3195 1180 3245 et
1204 3186 1367 3263 praetoria·

63 3299 136 3342 rorum
158 3285 239 3344 tituli
270 3285 322 3343 illa
343 3295 439 3344 aetate
467 3287 538 3356 rari,
565 3297 671 3364 postea
700 3287 861 3345 admodum
888 3289 1013 3366 copiosi.
1062 3288 1167 3365 Neque
1194 3287 1366 3346 incredibile

63 3395 155 3461 propter
175 3389 275 3464 ipsam
298 3390 555 3464 praetorianorum
572 3389 698 3447 rnilitum
722 3389 920 3466 periculosam
936 3391 1099 3467 potentiam
1121 3399 1228 3468 postea
1249 3391 1366 3450 institu-

61 3491 102 3542 tum
122 3507 191 3562 esse,
221 3491 357 3548 centurio
384 3491 497 3568 primus
520 3493 633 3568 primae
655 3491 785 3550 cohortis
807 3511 844 3550 ne
866 3513 938 3570 prae
960 3494 1066 3552 ceteris
1089 3493 1193 3569 primis
1215 3495 1366 3552 emineret.

59 3583 219 3668 Intellegitur
243 3603 342 3650 autem
365 3613 403 3651 ex
426 3593 529 3650 eodem
551 3593 638 3650 titulo
662 3595 789 3668 primum
813 3594 948 3653 ordinem
975 3595 1059 3654 illum
1086 3595 1150 3654 iure
1181 3594 1277 3671 primo
1304 3593 1365 3670 pilo

58 3687 159 3764 legionis
180 3695 389 3772 posthabitum
413 3713 480 3754 esso
502 3705 532 3754 et
552 3695 606 3752 illo
628 3695 760 3754 iunctum
783 3696 821 3753 ad
843 3698 920 3756 hunc
942 3699 1111 3775 promoveri
1132 3697 1275 3774 potuisse.

120 3795 163 3855 Ex
194 3799 423 3857 centurionibus
449 3797 647 3875 praetorianis
674 3798 744 3856 item
770 3799 826 3857 fuit
847 3815 999 3860 rainoars
1023 3815 1226 3870 castrorum,
1249 3799 1299 3875 qui
1322 3798 1366 3856 in·

59 3897 134 3955 notuit
152 3919 190 3958 ex
214 3900 311 3958 titulis
333 3899 382 3958 his
404 3901 483 3959 tertii
506 3901 618 3960 saeculi
641 3902 794 3960 omnibus:

91 3999 128 4056 ib.
169 4003 208 4061 Μ.
225 4003 337 4061 Tillius
358 4001 400 4061 M.
423 4003 443 4060 l.
467 4001 537 4061 Ter.
556 4002 655 4062 Rufus
676 4001 694 4060 7
715 4003 771 4079 leg.
791 4003 852 4062 XX
872 4004 939 4064 Val.
963 4006 1029 4064 vict.
1053 4025 1091 4063 ex
1111 4002 1191 4064 000
1213 4003 1278 4062 coh.
1301 4003 1366 4060 llll

183 4125 229 4182 pr.
258 4123 287 4181 p.
317 4123 358 4177 u,
385 4083 556 4184 princeps
578 4095 749 4176 oestron,
778 4107 795 4164 7
821 4109 885 4164 0011.
912 4107 1254 4183 x11urb.et1vig.‚
1283 4123 1364 4162 evoe.

185 4209 287 4284 Augg,
305 4240 343 4249 -
360 4210 464 4272 Atinae,
485 4212 545 4260 anni
566 4213 628 4261 208.
666 4211 688 4261 Ι.
702 4211 733 4262 R.
747 4212 781 4262 N.
802 4211 1007 4264 4551=0re1t
1029 4213 1109 4262 3457.

90 4305 130 4364 lb.
169 4309 291 4367 Valerei
309 4353 315 4366 .
334 4351 341 4366 .
363 4353 370 4366 .
393 4317 422 4366 et
445 4307 622 4368 Dalmateus
645 4289 759 4390 princ.
780 4289 840 4363 kk.
860 4313 1026 4364 -Romae
1046 4315 1072 4363 in
1092 4313 1147 4362 basi
1172 4311 1292 4361 dedicata
1313 4311 1365 4361 ior·

185 4423 254 4464 tasse
274 4413 380 4464 Carino.
413 4413 442 4463 C.
463 4413 510 4475 VI,
527 4415 588 4463 216.

24 4563 25 4570 ἵ
89 4497 128 4557 ll.
166 4503 311 4562 lluliani
330 4510 385 4583 pl'·
402 4504 432 4560 in
452 4504 516 4562 coh.
533 4504 563 4562 Il
579 4507 729 4582 praetoria
748 4509 894 4559 nominatur
914 4509 940 4557 in
959 4523 1065 4558 recensu
1084 4507 1314 4572 praetorianorum.
1331 4529 1364 4541 ·-

184 4609 300 4670 Romae;
321 4623 343 4658 a.
366 4609 427 4658 227.
461 4607 490 4658 C.
513 4610 656 4670 vastos.

25 4685 28 4754 l
89 4691 129 4752 78.
171 4699 212 4774 [7]
235 4699 330 4758 Primi
353 4705 409 4778 pl'·
429 4699 459 4756 in
487 4699 608 4758 cohorte
638 4701 738 4776 aliqua
759 4704 907 4753 nominatur
926 4703 951 4752 in
972 4717 1077 4752 recensa
1097 4701 1205 4751 fortasse
1225 4702 1365 4766 praetoria·

186 4804 457 4854 norum—Romae.
490 4804 520 4854 0.
540 4805 586 4866 VI,
602 4805 681 4854 2415.

59 4880 118 4945 Eum
142 4893 299 4970 aliqnando
328 4893 378 4970 (0.
395 4894 443 4952 ΙΙΙ
460 4893 497 4952 ad
513 4913 541 4952 n.
556 4895 630 4970 830)
656 4895 769 4952 credidi
796 4915 854 4954 non
882 4895 1001 4954 differre
1028 4914 1046 4952 a
1068 4893 1202 4971 principe
1224 4893 1364 4970 praetorii

80 5053 239 5071 ''Q-——n

121 5161 139 5222 ¹)
157 5166 306 5232 liarquardt
320 5165 565 5232 Staatsoerwultunq
580 5169 604 5230 2,
619 5169 681 5218 462.
720 5169 832 5232 Largius
851 5168 910 5216 hist.
928 5173 989 5216 mut.
1008 5168 1045 5216 rei
1065 5168 1118 5217 mil.
1137 5183 1161 5230 p.
1177 5167 1209 5217 61
1231 5167 1365 5232 septimam

62 5256 176 5307 centuriam
196 5259 309 5310 cohortis
330 5261 474 5326 praetoriae
498 5261 534 5309 ait
557 5261 664 5325 reperiri
688 5261 715 5310 in
740 5261 814 5310 titulo
834 5261 959 5310 Patauino
980 5260 1009 5309 0.
1023 5260 1054 5320 V,
1070 5260 1154 5320 28323
1179 5259 1224 5310 ssd
1249 5259 1284 5307 ibi
1310 5259 1364 5308 iam

61 5343 165 5399 resdtutns
183 5358 220 5402 est
238 5367 305 5421 spec.
326 5369 378 5404 cor.
393 5369 468 5420 prae.
489 5351 589 5404 sublata
608 5352 675 5403 salsa
694 5353 804 5403 lectione
823 5369 874 5420 sep.

125 5435 162 5496 lv
1124 5439 1160 5499 16
