3394 5976
327 669 401 740 ato
714 699 724 726 2
904 689 1084 740 uomusuu

410 861 533 918 Diocles
560 873 719 937 postquam
749 881 903 920 numerum
926 861 1120 919 certaminum
1144 862 1253 937 posuit,
1282 861 1340 917 duo
1363 879 1473 935 genera
1495 862 1646 936 insigniora

326 963 370 1020 ita
392 963 543 1033 adscribit,
571 973 604 1021 ut
629 964 658 1021 in
686 983 807 1021 numero
836 964 976 1021 universo
1002 981 1039 1020 ea
1065 979 1184 1036 quoque
1211 963 1513 1038 comprehendantur,
1540 963 1644 1033 scilicet,

325 1065 349 1122 si
378 1073 457 1121 recte
480 1065 632 1141 supplevi,
662 1064 795 1140 [pedibus
818 1067 859 1122 ad
879 1063 1093 1141 quadrt]q(um)
1116 1062 1228 1132 LXII,
1250 1082 1270 1119 a
1288 1083 1395 1138 pompa
1421 1063 1494 1134 CX,
1517 1065 1601 1138 plane
1621 1075 1645 1121 ut

326 1165 363 1222 ad
391 1184 543 1223 numerum
571 1169 764 1224 certaminum
792 1167 857 1224 sine
885 1167 1017 1241 praemio
1044 1174 1248 1240 susceptorum
1276 1185 1312 1222 ea
1337 1166 1520 1237 adiciuntur,
1550 1168 1643 1241 quibus

325 1267 467 1325 victoriae
490 1267 646 1342 proximus
670 1269 734 1326 luit.
777 1268 824 1324 De
847 1269 1059 1326 certaminibus
1080 1286 1099 1322 α
1118 1285 1226 1342 pompa
1249 1287 1308 1324 non
1331 1268 1426 1326 habeo
1448 1269 1531 1343 quod
1553 1269 1643 1326 addan

324 1369 362 1426 iis
385 1387 464 1444 quae
486 1369 510 1426 F
513 1369 735 1427 riedlaenderus
759 1371 795 1426 de
817 1371 854 1428 iis
876 1369 1017 1446 exposuit
1039 1388 1067 1444 p.
1084 1367 1155 1438 488,
1178 1368 1237 1425 nisi
1258 1368 1348 1442 quod,
1371 1389 1439 1427 cum
1460 1389 1502 1427 ex
1517 1369 1643 1428 Crescen-

325 1470 363 1529 tis
393 1473 480 1529 titulo
510 1472 709 1542 didicerimus,
739 1471 768 1528 id
798 1472 877 1546 quod
907 1473 996 1529 etiam
1023 1472 1099 1528 ratio
1129 1471 1243 1538 suadet,
1273 1471 1543 1530 honoratissimum
1568 1472 1642 1529 tuisse

324 1573 402 1631 inter
429 1575 536 1631 missus
563 1573 695 1630 eiusdem
723 1573 781 1630 diei
808 1583 946 1647 quartum
974 1584 1004 1630 et
1030 1573 1217 1647 vigesimum,
1245 1571 1274 1628 id
1301 1581 1347 1630 est
1369 1583 1554 1646 postremum
1574 1573 1641 1647 (nan

325 1694 390 1731 eum
419 1693 574 1732 numerum
602 1694 660 1732 non
689 1675 937 1750 adscripsissent,
967 1674 1024 1732 nisi
1053 1674 1148 1730 ltonor
1174 1674 1217 1730 ita
1243 1673 1415 1751 augeretur)
1443 1675 1504 1733 iam
1534 1676 1640 1732 fortasse

325 1776 418 1832 conici
440 1785 541 1852 potest
560 1786 728 1850 postremos
751 1777 862 1834 missus
885 1794 952 1833 esse
974 1777 1056 1852 ipsos
1079 1775 1149 1832 illos
1169 1795 1187 1832 a
1207 1794 1325 1851 pompa,
1349 1777 1375 1832 si
1396 1776 1518 1850 quidem
1542 1796 1638 1834 sumen

323 1877 394 1935 licet
419 1897 530 1954 pompa
556 1879 657 1952 aliqua
684 1879 832 1935 circenses
860 1877 982 1936 finiisse.
1031 1874 1091 1934 Sed
1123 1877 1152 1933 id
1181 1877 1260 1953 quod
1284 1876 1519 1935 Fricdlaendero
1550 1879 1639 1954 placuit

324 1980 487 2054 significari
519 1980 562 2036 ita
589 1979 714 2037 missum
741 1980 869 2054 primunr
897 1999 962 2036 cum
986 1980 1084 2038 verbis
1107 1980 1216 2036 rectius
1238 1979 1405 2049 conveniat,
1428 1980 1529 2038 adhuc
1550 1981 1639 2056 poterit

323 2081 367 2137 ita
399 2080 527 2149 defendi,
563 2091 596 2139 ut
627 2091 688 2138 tam
721 2083 836 2157 primus
866 2101 954 2157 quam
988 2093 1158 2156 postremus
1191 2082 1269 2138 inter
1301 2081 1433 2155 reliquos
1468 2083 1638 2139 eminuerint.

323 2183 423 2240 Etiam
450 2185 486 2240 de
514 2184 726 2240 certaminibus
751 2185 872 2258 pedibus
898 2185 939 2240 ad
964 2185 1137 2258 quadriqum
1163 2183 1250 2241 sactis
1278 2182 1354 2239 idem
1384 2184 1429 2240 vir
1451 2184 1559 2240 doctus
1579 2183 1637 2240 satis

322 2285 399 2344 dixit
428 2303 454 2360 p.
478 2285 549 2344 489.
604 2283 671 2341 Hoc
697 2285 763 2341 loco
791 2303 827 2341 ea
853 2285 966 2342 inserui
994 2295 1116 2360 propter
1141 2285 1284 2360 reliquias
1311 2303 1387 2359 quae
1414 2285 1456 2340 ita
1485 2285 1636 2342 traduntur:

323 2385 357 2446 O.
381 2385 474 2445 LXII
510 2387 619 2445 collato
656 2387 735 2444 tituli
773 2384 883 2445 Guttae
920 2397 1066 2444 commate
1103 2387 1172 2444 hoc:
1220 2389 1250 2442 iu
1279 2389 1408 2460 suctione
1442 2390 1566 2460 suasum
1596 2387 1637 2442 u'ci

323 2488 527 2548 CCCLXIV:
554 2487 656 2545 XXX
674 2489 702 2558 I,
725 2487 845 2544 XLII
870 2487 914 2564 (id
941 2497 988 2546 est
1015 2489 1056 2544 ad
1083 2491 1239 2544 sestertium
1264 2487 1366 2543 XXX
1383 2487 1463 2544 milia
1492 2488 1584 2556 sonet,
1606 2487 1637 2541 ud

321 2595 477 2650 sestertium
503 2590 564 2646 XL
591 2591 672 2647 milia
699 2589 769 2663 bis):
799 2590 920 2664 pedibus
948 2591 989 2646 ad
1016 2590 1188 2664 quadripam
1215 2588 1308 2656 LXI,
1336 2609 1356 2644 a
1373 2607 1484 2664 pmnpa
1505 2589 1552 2656 1'1,
1576 2605 1635 2664 quae

320 2693 413 2749 verba
440 2693 465 2748 si
493 2693 565 2766 quid
593 2691 693 2760 video,
728 2690 942 2749 Fricdlaender
968 2707 1028 2747 non
1057 2699 1135 2747 recte
1162 2692 1373 2766 interpretatus
1399 2701 1446 2748 est
1468 2691 1585 2765 pedibus
1606 2689 1635 2746 ed

320 2796 494 2868 quadripam
520 2796 561 2850 ed
586 2797 742 2851 sestertium
768 2791 835 2849 LX
855 2792 937 2850 anilia
963 2791 1061 2860 amuel,
1092 2813 1111 2848 a
1134 2811 1242 2867 pompa
1268 2796 1368 2860 seties,
1395 2811 1461 2850 cum
1491 2793 1531 2850 sit
1556 2793 1633 2867 potius

317 2895 439 2971 pedibus
462 2897 502 2953 ud
523 2897 694 2970 quadripam
717 2899 845 2968 sesopies
868 2892 961 2965 semel,
984 2913 1003 2950 a
1022 2911 1130 2968 pompa
1153 2897 1251 2951 scates.

407 2997 588 3072 omasum)
616 2997 739 3073 amatu)
768 2994 915 3054 crescens
943 2992 1004 3054 ets
1033 2979 1124 3076 {aaut
1150 2979 1626 3061 attrectassent

321 3106 366 3156 est
388 3099 556 3156 sestertium
582 3089 752 3169 rosseto.
801 3099 850 3155 Ad
873 3097 945 3154 haec
968 3097 1123 3154 commode
1145 3098 1350 3173 supplebimus
1374 3097 1507 3171 (lineolis
1529 3098 1564 3154 ad
1584 3115 1624 3172 per·

319 3200 509 3276 pendiculum
537 3201 662 3258 derectis
690 3209 794 3257 nostra
820 3201 991 3257 coniectura
1017 3199 1140 3274 additis)
1177 3199 1293 3257 Dioclis
1327 3199 1444 3257 titulum
1472 3219 1501 3256 v.
1526 3199 1562 3256 10
1589 3199 1628 3255 sir:

320 3301 439 3376 [rettulit
478 3301 638 3377 quaest]um
672 3297 733 3358 Hs
768 3287 987 3384 iccoltllq
1025 3285 1134 3358 L's't‘tl
1177 3300 1281 3372 CXX,
1323 3301 1353 3357 id
1394 3313 1441 3358 est
1485 3301 1629 3359 sestertium

321 3403 515 3474 35,863,120.
560 3402 637 3462 Cum
664 3405 717 3461 illa
744 3423 862 3462 summa
887 3414 966 3462 recte
992 3403 1159 3480 composuit
1180 3402 1351 3460 Lovatellia
1377 3411 1480 3459 nostra
1501 3401 1629 3460 luvenalis

319 3505 416 3564 locum
440 3505 484 3579 (7,
500 3505 585 3580 113),
613 3507 663 3563 ubi
686 3507 794 3564 russati
817 3507 954 3564 lacernae
975 3507 1149 3580 aequiperat
1171 3515 1277 3562 eentum
1298 3509 1473 3579 patrimonia
1495 3503 1630 3562 causidico·

318 3627 389 3665 rum.
437 3607 494 3664 llla
525 3609 603 3664 onim
636 3627 752 3666 summe
783 3609 821 3665 ad
854 3617 986 3665 nostram
1021 3607 1165 3664 rationem
1200 3607 1393 3662 monetariam
1428 3607 1571 3663 translata
1598 3612 1629 3658 est

317 3711 409 3786 paulo
433 3713 529 3768 minus
552 3728 718 3766 marcarum
734 3709 877 3780 300,000,
901 3709 974 3767 haec
990 3727 1154 3766 marcarum
1171 3725 1194 3764 c.
1213 3707 1387 3776 6,000‚000.
1405 3739 1444 3748 —
1460 3707 1572 3764 Tantae
1593 3722 1630 3778 pt·

318 3815 423 3872 cuniae
450 3811 599 3888 quomodo
627 3811 752 3868 effectae
779 3811 847 3882 sint,
876 3811 975 3867 minus
1003 3821 1113 3868 certum
1144 3817 1203 3878 est;
1237 3817 1354 3866 constat
1386 3817 1484 3865 tamen
1516 3805 1630 3884 praemia

318 3915 464 3992 distingui
491 3914 550 3971 alia
577 3913 700 3984 maiora,
728 3930 854 3986 quorum
883 3913 972 3969 etiam
999 3929 1131 3969 summas
1160 3911 1249 3981 tituli,
1277 3911 1388 3985 quibus
1411 3909 1442 3966 in
1464 3911 1509 3967 his
1536 3906 1630 3966 insisti·

317 4036 393 4087 mus,
414 4017 543 4073 maxime
565 4014 680 4072 Dioclis
703 4013 867 4085 enuntiant,
887 4013 946 4072 alia
965 4013 1126 4084 ordinaria,
1148 4031 1273 4088 quorum
1294 4030 1427 4070 summas
1448 4030 1505 4068 non
1524 4018 1629 4087 ponunt,

317 4129 459 4194 quaestus
482 4125 580 4174 autem
599 4125 715 4192 partem
737 4117 827 4192 longe
849 4111 1009 4173 maximam
1030 4133 1067 4171 ex
1087 4113 1134 4172 his
1156 4115 1291 4172 effectum
1311 4132 1388 4171 esse.
1428 4112 1547 4170 Diocles
1566 4108 1629 4166 enin

318 4239 385 4278 cum
409 4228 546 4276 accurate
568 4218 686 4291 indicet,
713 4227 854 4292 quantam
878 4217 1034 4294 pecuniam
1057 4236 1095 4274 ex
1117 4215 1277 4273 maioribus
1300 4215 1441 4292 praemiis
1464 4213 1562 4290 primis
1582 4211 1630 4264 ric-

317 4322 402 4379 toriis
426 4321 488 4379 suis
510 4320 631 4397 ceperit,
654 4320 769 4378 scilicet

608 4523 794 4602 singularum
823 4533 895 4582 sest.
913 4523 1014 4580 60000
1042 4536 1076 4582 ><
1117 4521 1189 4579 3=
1246 4521 1376 4591 180,000

823 4633 894 4684 sest.
912 4624 1015 4682 50000
1042 4637 1076 4684 ><
1097 4621 1134 4680 29
1153 4647 1189 4671 =
1215 4623 1377 4694 1,450,000

822 4735 893 4785 aest.
912 4726 1013 4784 40000
1040 4739 1075 4785 ><
1095 4723 1133 4782 28
1151 4751 1188 4774 =
1213 4725 1376 4798 1,]20,000

823 4837 894 4888 sest.
911 4827 1013 4886 30000
1040 4842 1075 4887 ><
1096 4825 1133 4885 32
1152 4852 1188 4878 =
1243 4827 1377 4897 960,000

608 4928 783 5009 binarum¹)
822 4939 893 4988 sest.
913 4930 1013 4987 15000
1040 4943 1075 4990 ><
1115 4931 1188 4986 4=
1265 4929 1377 5000 60,000

314 5075 483 5134 efficiuntur
504 5083 575 5130 sest.
1211 5067 1375 5140 3,770,000

334 5205 399 5212 —--
406 5201 517 5210 -a-—n

391 5277 414 5338 ¹)
434 5280 465 5328 In
490 5278 591 5328 Dioclis
616 5277 689 5326 titulo
715 5277 784 5342 quod
808 5278 900 5342 legitur
925 5277 1007 5342 tripes
1031 5275 1067 5325 ad
1086 5268 1148 5331 HS
1174 5258 1236 5325 XV
1246 5273 1309 5324 IIII
1330 5275 1357 5324 in
1383 5276 1465 5340 capite
1487 5285 1532 5336 quo
1550 5265 1618 5330 ³35th

314 5371 346 5420 de
375 5370 558 5420 certaminibus
585 5369 703 5419 binarum
733 5383 764 5418 eo
796 5371 852 5419 loco
885 5369 1038 5420 collocatum
1070 5378 1120 5430 est,
1155 5383 1205 5433 quo
1237 5369 1263 5416 in
1292 5367 1375 5431 capite
1403 5367 1435 5415 de
1461 5355 1617 5414 certaminibus
