3530 5972
448 597 1059 692 onsnnvnrronssnerensrnrcsn.
1343 621 1415 696 529

72 827 113 868 co
137 809 240 883 ducit,
269 820 302 869 ut
322 811 402 890 legio
430 811 576 888 adquam
603 815 732 890 pertinet
751 831 789 870 eo
811 813 945 890 tempore
966 815 1106 893 proxima
1127 821 1227 874 castra
1247 817 1417 892 obtinuerit,

71 931 158 988 quae
176 923 251 972 sunt
264 911 429 974 Nouensia.
462 913 623 974 Probabile
644 916 802 994 igiturest
822 916 985 994 imperante
1007 915 1064 976 Pio
1086 917 1235 994 legionem
1256 915 1303 977 XI
1325 917 1414 980 Glau-

72 1015 160 1074 diam
188 1017 363 1076 constitisse
384 1015 496 1090 Novis,
524 1017 540 1074 Ι
562 1017 696 1076 Italicam
719 1011 903 1091 Durostori,
922 1020 1029 1078 deinde
1051 1028 1152 1078 castra
1172 1021 1215 1080 ita
1235 1030 1417 1082 commutata

70 1135 158 1190 esse,
186 1128 222 1177 ut
242 1120 329 1178 tertio
351 1119 470 1179 saeculo
494 1119 683 1179 undecimani
703 1119 868 1180 Durostori
890 1129 998 1196 essent,
1021 1115 1149 1199 primani
1171 1119 1278 1182 Novis.

162 1220 285 1298 Legati,
308 1223 363 1282 sub
385 1240 444 1298 quo
467 1243 493 1281 a.
509 1223 567 1282 155
589 1223 744 1298 provincia
765 1223 829 1296 fuit,
852 1225 956 1283 titulus
971 1224 1148 1284 Tomitanus
1172 1225 1230 1283 vol.
1246 1226 1295 1284 111
1313 1223 1412 1286 ιι.767

67 1323 169 1398 plena
199 1325 321 1384 nomina
346 1325 554 1384 subministrat
580 1325 733 1384 dedicatus
760 1325 789 1383 T.
805 1325 912 1385 Flauio
932 1325 1064 1402 Longino
1090 1327 1124 1399 Q.
1145 1327 1260 1387 Marcio
1279 1328 1412 1388 Turboni.

68 1423 144 1498 Quo
179 1435 314 1505 tempore
339 1429 366 1486 is
394 1428 539 1487 Moesiam
566 1428 709 1499 rexisset,
740 1429 839 1487 adhuc
865 1429 1090 1506 ignorabamus;
1124 1430 1237 1490 vixisse
1263 1451 1331 1490 eum
1357 1431 1412 1491 s'ub

67 1527 131 1584 Pio
161 1547 233 1586 cum
260 1531 320 1588 iam
348 1540 506 1607 appareat,
533 1531 689 1607 probabile
715 1537 762 1588 est
783 1531 877 1588 filium
904 1545 971 1588 eum
999 1549 1066 1590 esse
1092 1540 1144 1590 aut
1166 1533 1338 1611 adoptivum
1361 1543 1413 1594 aut
1450 1583 1453 1589 .

65 1631 249 1690 naturalem
272 1631 310 1706 Q.
327 1633 429 1690 Marcii
450 1633 601 1692 Turbonis
623 1633 939 1709 praefectipraetorio
961 1625 1126 1710 imperante¹
1147 1633 1304 1696 Hadriano
1314 1629 1344 1712 ¹)

161 1732 311 1794 Centurio
333 1734 461 1814 legionis
484 1735 592 1812 aliquis
615 1753 680 1792 cum
697 1754 798 1794 curam
820 1745 890 1812 aget
904 1736 1109 1795 vexillationis
1128 1738 1227 1810 huius,
1251 1738 1277 1797 si
1292 1739 1409 1815 quidem

66 1842 155 1894 recte
180 1836 300 1895 titulum
322 1838 490 1896 rettulimus
516 1839 555 1896 ad
578 1838 736 1897 stationem
757 1845 932 1913 perpetuam
957 1837 1114 1897 militarem
1136 1839 1306 1916 provinciae
1328 1842 1408 1900 Moe·

67 1939 149 2010 siae,
175 1939 372 2018 probabiliter
386 1940 455 1998 inde
477 1940 653 2016 colligemus
675 1939 825 2017 praesidia
846 1959 882 1998 ea
897 1940 940 1998 ita
960 1939 1100 1999 ordinata
1113 1941 1219 2015 fuisse,
1242 1951 1275 2001 ut
1290 1935 1410 2021 singula

64 2043 214 2101 centurio
235 2051 364 2120 regeret,
390 2043 558 2120 habentque
580 2042 658 2100 tituli
680 2041 789 2101 indicia
810 2042 955 2119 quaedam
978 2059 1055 2119 qnae
1077 2043 1222 2103 eiusmodi
1245 2045 1408 2104 ordinatio·

64 2150 140 2203 'nem
167 2145 355 2217 confirmant,
377 2153 410 2204 ut
425 2143 598 2204 Cidamensi
620 2144 772 2222 praesidio
793 2145 823 2202 in
846 2145 1047 2222 penetralibus
1064 2145 1186 2205 Africae
1209 2148 1342 2206 centurio
1364 2149 1406 2208 ls-

65 2248 174 2323 gionis
198 2248 359 2306 Africanae
380 2247 498 2307 videtur
519 2244 734 2325 praefuisset).
769 2247 812 2304 At
833 2257 930 2305 utrum
957 2248 1000 2306 ita
1021 2248 1196 2326 praefuerit,
1226 2261 1257 2308 ut
1279 2268 1345 2310 cum
1367 2251 1406 2310 iis

66 2350 180 2409 eodem
196 2351 263 2409 loco
278 2351 464 2422 consisteret,
480 2369 517 2408 an
533 2350 669 2426 pluribus
685 2349 864 2408 stationibus
879 2350 968 2409 simul
983 2351 1173 2428 praepositus
1187 2369 1288 2410 curam
1304 2345 1405 2412 earum

65 2453 111 2510 ita
134 2453 277 2530 gesserit,
300 2463 331 2512 ut
352 2471 474 2528 praeses
497 2472 598 2511 curam
619 2454 741 2531 gerebat
762 2451 944 2528 provinciae,
966 2453 1030 2511 iure
1051 2453 1180 2512 dubitari
1199 2461 1314 2530 potest,
1336 2470 1404 2514 cum

65 2557 251 2630 praesertim
278 2556 439 2614 laterculus
470 2556 496 2614 is
522 2574 609 2631 quem
635 2555 750 2614 edimus
776 2555 872 2630 magis
898 2555 936 2612 ad
961 2555 1037 2614 hanc
1062 2555 1279 2616 ordinationem
1307 2557 1403 2616 ducat.

67 2656 131 2716 Sed
161 2657 304 2717 universa
329 2658 479 2734 quaestio,
507 2657 692 2716 centuriones
722 2665 782 2715 tarn
810 2657 936 2733 legionis
963 2675 1051 2732 quum
1079 2658 1245 2717 cohortium
1272 2659 1404 2736 itemque

64 2759 249 2818 decuriones
272 2761 387 2820 alarum
408 2759 559 2837 quomodo
581 2770 667 2818 extra
688 2761 871 2836 praetorium
894 2767 1016 2837 agentes
1039 2760 1096 2818 sub
1115 2761 1285 2821 nominibus
1306 2761 1402 2820 diver-

66 2863 127 2934 sis,
163 2864 219 2921 sed
246 2863 350 2922 eodem
376 2863 568 2921 redeuntibus
598 2862 736 2921 omnibus
770 2861 1067 2939 significantibusque
1098 2864 1238 2922 omnibus
1270 2863 1400 2923 officium

66 2965 383 3042 extraordinariumi)
413 2985 514 3024 curam
540 2965 655 3042 egerint
679 2963 901 3023 vexillationum
932 2983 1180 3042 numerorumque
1206 2967 1297 3025 certis
1323 2966 1400 3026 locis

66 3068 311 3142 constitutorum,
333 3086 400 3126 cum
422 3053 567 3145 perhanc
589 3068 776 3126 occasionem
799 3065 933 3144 expediri
954 3085 1014 3126 uon
1033 3069 1145 3144 possit,
1167 3069 1288 3126 omnino
1310 3069 1401 3146 digua

63 3169 122 3244 ¹est,
146 3189 226 3247 quae
248 3169 426 3229 testimoniis
448 3189 524 3246 quae
547 3181 708 3248 supersunt
728 3189 786 3228 non
809 3171 915 3248 paucis
937 3170 1072 3230 collectis
1094 3177 1124 3229 st
1145 3171 1312 3230 coniunctis
1335 3171 1399 3230 dili-

65 3283 175 3348 genter
195 3280 399 3348 pertractetur.

64 3395 66 3402 ¹
152 3357 366 3435 Beneficiarios
390 3359 538 3452 praesidis
564 3375 773 3452 provinciae⁴)
800 3376 879 3453 quod
907 3395 1001 3454 supra
1021 3375 1064 3452 (p.
1080 3376 1156 3452 400)
1173 3377 1332 3436 docuimus
1353 3396 1398 3436 re·

63 3477 137 3536 ferri
161 3461 350 3555 potissimum
377 3478 414 3536 ad
441 3477 585 3536 stationes
611 3479 768 3551 militares,
796 3479 940 3537 laterculo
965 3479 1023 3537 hoo
1047 3469 1164 3556 egregie
1191 3481 1397 3552 confirmatum

64 3599 164 3656 neque
197 3579 274 3638 enirn
305 3581 431 3638 obscure
459 3580 571 3638 iudicat
598 3580 810 3657 praesidiarios
838 3599 962 3638 numero
991 3581 1053 3639 iere
1081 3581 1231 3658 octoginta
1258 3583 1396 3658 paruisse

64 3682 259 3742 beneficiario
287 3683 464 3742 consularis.
511 3681 605 3740 Plane
631 3682 733 3740 eadem
761 3683 877 3740 ratione
903 3682 1096 3758 beneficiarius
1123 3683 1282 3742 consularis
1304 3683 1394 3760 depie-

63 3789 108 3842 aie
124 3786 187 3844 ΙΙΙ
197 3783 347 3861 depastae
368 3805 430 3844 cunr
451 3788 510 3842 auia
533 3783 652 3842 titulum
675 3784 791 3843 dedicat
813 3795 912 3844 erasto
934 3789 1053 3843 statione
1067 3784 1257 3843 Venanitana
1279 3785 1310 3842 in
1329 3785 1394 3846 Nu·

63 3887 157 3945 midia
180 3886 213 3962 (l.
226 3907 251 3945 e.
271 3869 300 3945 n.
316 3885 376 3946 424
398 3887 594 3962 similiterque
616 3907 644 3944 n.
660 3885 730 3946 426.
746 3886 831 3962 427).
865 3885 953 3945 Unde
974 3887 1034 3945 iam
1056 3887 1137 3946 clera
1151 3887 1219 3945 luce
1236 3887 1392 3945 'illustran-

63 3995 110 4047 tur
133 4009 207 4048 arae
228 3989 407 4065 quibusdam
428 3989 512 4062 locis,
536 3997 569 4046 ut
590 3987 687 4047 Novis
709 3989 740 4047 in
756 3987 909 4048 Dalmatia
930 3989 1064 4064 (vollll
1086 4009 1116 4048 n.
1131 3988 1208 4048 1906
1221 3988 1304 4066 oet),
1328 3989 1391 4050 Sis-

141 4225 165 4288 ¹)
191 4227 316 4278 Videatur
335 4228 367 4277 de
386 4241 417 4276 eo
437 4225 585 4276 Hirschfeld
602 4219 942 4292 Vernaltunqsyesshieltel
961 4243 986 4292 p.
1002 4227 1063 4277 225.

136 4317 164 4380 ¹)
189 4319 399 4370 v01.vmn.1.
429 4319 549 4368 Conferri
568 4325 652 4384 potest
670 4320 732 4368 item
751 4319 839 4368 titulus
852 4301 992 4370 Rhenanus
1006 4305 1162 4381 (Brarhbach
1183 4333 1208 4368 n.
1223 4317 1302 4384 672):
1321 4316 1388 4370 Hera

61 4412 113 4461 ortt
131 4427 229 4462 saxeno
248 4411 379 4462 emulano
399 4411 447 4477 leq.
458 4407 546 4460 XXII
551 4427 605 4478 pr„
625 4411 669 4476 qui
680 4418 736 4460 nant
748 4408 793 4460 sud
806 4427 869 4460 cura
888 4407 954 4475 [Fi]
968 4409 1059 4478 Aprili
1077 4408 1112 4474 [s]
1127 4409 1297 4474 (centurionis)
1310 4429 1333 4464 m
1347 4413 1389 4476 (i).

61 4505 165 4555 Similes
185 4505 251 4554 tituli
270 4505 415 4569 complures
434 4503 468 4553 ad
481 4503 600 4553 Rhenum
619 4502 747 4552 eruderati
765 4510 825 4553 sunt
843 4503 954 4553 dedicati
968 4518 984 4552 a
998 4503 1188 4554 centurionibus
1201 4503 1310 4568 legionis
1329 4522 1387 4556 cum

60 4597 203 4646 vexillariis
223 4597 278 4646 eise
297 4595 514 4646 commilitonibus
533 4597 594 4645 suis.
871 4577 875 4584 ¹
934 4577 936 4584 ,
1029 4577 1032 4583 ¹
1111 4576 1114 4584 .
1194 4579 1196 4584 ’
1221 4578 1224 4584 ’

60 4672 64 4687 ’
136 4687 162 4751 ²)
188 4690 342 4754 Plerumque
367 4687 529 4754 appellantur
548 4687 691 4755 praepositi
712 4687 752 4736 vel
779 4693 915 4738 curatores.
948 4669 1048 4740 Similis
1072 4693 1110 4737 est
1133 4687 1253 4753 magister
1277 4687 1387 4740 cohortis

59 4783 188 4832 miliarias
205 4759 396 4832 Hemesenorurn
415 4781 490 4830 huius
507 4779 565 4845 eph.
581 4781 632 4829 rol.
646 4781 673 4830 11
692 4795 717 4829 n.
732 4779 793 4830 598.
813 4805 847 4815 -
868 4779 1006 4831 Curatores
1025 4795 1072 4830 nec
1091 4787 1230 4830 turmarum
1250 4797 1297 4831 nec
1317 4789 1384 4832 vete·

59 4889 181 4924 ranorum
201 4873 355 4940 (composuit
371 4880 492 4938 utrosque
512 4872 596 4922 Cauer
613 4887 691 4936 supra
709 4888 734 4938 p.
748 4872 810 4922 435.
824 4871 888 4934 436)
906 4851 957 4923 huc
976 4875 1113 4939 pertinent.

134 4964 159 5040 ⁴)
185 4967 225 5017 Eo
243 4968 373 5032 pertinent
392 4967 435 5030 qni
453 4979 531 5029 supra
543 4981 569 5030 p.
580 4963 633 5016 379
648 4979 701 5028 seq.
722 4964 865 5015 referuntur
883 4965 1041 5017 beneficiarii
1061 4967 1200 5018 consularis
1218 4979 1308 5016 omnes
1327 4969 1383 5032 opi-

59 5077 121 5124 nor3
150 5073 211 5112 uam
230 5059 342 5124 legatum
361 5058 473 5122 legioni,
497 5071 549 5107 non
568 5057 716 5123 provinciae
738 5057 905 5122 imperantem
929 5073 961 5108 ne
980 5065 1035 5109 tum
1055 5059 1170 5124 quidem,
1196 5073 1253 5107 cum
1273 5074 1320 5124 per
1337 5071 1383 5110 sx-

60 5153 202 5218 eeptienem
220 5159 280 5217 post
298 5151 458 5202 consulatum
478 5164 509 5199 eo
522 5149 621 5200 honore
639 5149 796 5215 fungeretur,
816 5151 958 5202 consularis
972 5151 1098 5202 vocabulo
1111 5166 1184 5200 nsum
1197 5165 1254 5201 esse
1267 5149 1382 5203 credide-

58 5247 115 5296 rim.
138 5245 192 5297 Ubi
211 5251 294 5294 autem
315 5243 413 5294 muneri
433 5243 593 5316 mbiuugitnr
605 5243 682 5307 legio,
702 5249 765 5308 puta
776 5243 895 5294 scribitur
909 5240 1081 5312 beneficiarius
1094 5243 1235 5294 connitaris
1248 5243 1354 5312 legionis
1367 5244 1387 5296 I

60 5337 175 5399 Italicae,
195 5337 252 5388 sine
270 5337 348 5387 dubio
368 5343 474 5402 uterque
492 5336 624 5400 genetivus
643 5351 659 5385 a
677 5337 835 5386 nominativo
854 5337 957 5402 pendet,
977 5353 1029 5388 non
1048 5335 1210 5404 posterior-a
1227 5337 1322 5406 priore.
1367 5368 1374 5376 ·
