3448 5970
772 624 1044 674 ADDITAMENTA
1072 625 1155 674 vot.
1175 624 1219 674 llI

476 899 609 976 'regulae
632 898 808 957 Pannoniae
830 900 994 976 superioris
1018 899 1060 976 (p.
1079 898 1149 958 578.
1168 899 1257 958 1045.
1281 900 1359 977 Eph.
1374 901 1415 974 11,
1431 902 1517 978 431).

330 1084 395 1145 541
416 1087 455 1144 ad
476 1107 504 1144 n.
520 1085 601 1145 4656
625 1085 704 1162 (cum
728 1086 795 1144 add.
816 1106 844 1162 p.
863 1087 966 1162 1059).
1007 1085 1151 1146 Carnunti
1174 1087 1567 1166 reperteduoexemplerie
1583 1089 1657 1148 edita

371 1189 409 1246 eb
431 1188 637 1248 Hirschfeldio
665 1189 776 1262 (Mittlt.
797 1191 810 1245 l
835 1207 863 1264 p.
883 1189 955 1264 133)
984 1199 1139 1266 praeterea
1166 1191 1324 1248 lectionem
1353 1211 1449 1250 meam
1476 1192 1655 1264 confirmant,

374 1291 428 1349 sed
454 1291 535 1349 lfin.
558 1309 612 1367 pro
635 1307 668 1347 rs
690 1291 721 1348 iu
744 1291 839 1348 altero
861 1293 998 1368 exemplo
1021 1293 1129 1367 legitur
1152 1307 1217 1364 rer,
1239 1293 1270 1351 in
1292 1293 1387 1352 altero
1410 1311 1473 1352 nst.
1519 1294 1656 1354 Gaieber-

371 1411 423 1470 ger
446 1393 552 1470 (v.111
575 1413 604 1469 p.
620 1393 714 1468 1059)
738 1393 766 1450 in
784 1393 885 1470 tegula
904 1411 960 1451 sua
982 1413 1036 1470 pro
1052 1409 1085 1450 rs
1101 1395 1149 1452 vel
1164 1411 1219 1452 rer
1235 1395 1309 1472 legit
1322 1413 1410 1454 nun.
1444 1397 1539 1454 Aliud
1562 1417 1656 1455 exem·
1715 1375 1716 1380 ἵ

369 1496 451 1572 plum
479 1515 517 1553 ex
544 1495 668 1554 castello
691 1493 866 1572 Oelingensi
893 1503 1060 1555 extractum
1083 1495 1184 1574 Dungl
1211 1497 1440 1574 (Ceutralcomm.
1459 1499 1539 1558 1875
1562 1519 1591 1576 p.
1608 1501 1655 1574 81)

370 1597 443 1676 legit
465 1599 508 1656 sic
529 1613 726 1656 renvm...
772 1595 940 1657 Secundum
969 1599 1043 1656 haec
1068 1599 1098 1656 iu
1122 1600 1222 1676 tegula
1245 1601 1451 1660 videturesse
1474 1616 1530 1661 tec
1554 1618 1572 1658 ιι
1594 1619 1655 1660 stat

371 1715 423 1756 rer
449 1699 511 1776 (vel
532 1700 624 1776 naar)
655 1697 669 1776 Η
696 1713 799 1757 renco
827 1701 888 1776 (vel
913 1716 978 1758 reor
1004 1701 1049 1759 vel
1072 1701 1149 1778 reru)
1172 1717 1250 1761 vase
1277 1703 1339 1777 (rel
1362 1719 1453 1762 vaste
1475 1705 1606 1782 vr)ovc‚
1631 1705 1656 1762 id

370 1811 417 1860 est
438 1813 560 1879 tempore
586 1799 714 1860 Ursicini
734 1806 793 1859 viri
810 1804 1014 1878 perfectissimi
1035 1803 1123 1862 ducta.

329 2028 400 2090 542
422 2033 461 2090 ad
482 2053 510 2090 n.
527 2032 618 2091 4661.
663 2031 819 2091 Carnunti.

871 2187 927 2230 teo
947 2187 1008 2228 xutt
1031 2187 1119 2229 Μ·

328 2307 502 2366 Hirschfeld
525 2309 653 2366 Mintl
680 2327 710 2384 p.
730 2309 797 2366 133.

330 2535 399 2596 543
428 2537 467 2594 ed
492 2557 520 2594 n.
543 2537 634 2595 4664.
678 2536 783 2614 Dungl
808 2537 1021 2596 centratcom-m.
1045 2538 1122 2598 1875
1145 2559 1173 2615 Ρ·
1192 2539 1231 2598 80
1259 2541 1333 2615 legit
1361 2541 1417 2598 sic:
1448 2557 1654 2600 εοΗιϊει·

371 2655 439 2712 sno,
461 2640 522 2696 iere
546 2647 577 2696 ut
599 2656 654 2714 ego
677 2639 899 2698 constitueram.

330 2865 401 2926 544
425 2866 579 2926 Carnunti.

917 2945 1074 3066 teolvrcl

328 3087 504 3147 Hirschfeld
528 3089 654 3146 Mintl
679 3107 707 3164 p.
728 3091 794 3147 134.

371 3189 513 3248 Fortasse
528 3190 589 3248 XV
604 3191 802 3267 Apollinaris,
824 3211 1003 3268 quamquam
1027 3193 1098 3251 haec
1113 3194 1210 3253 adhuc
1232 3213 1290 3252 nou
1308 3203 1427 3271 reperta
1441 3207 1488 3254 est
1504 3197 1533 3254 in
1547 3197 1651 3274 tegulis
1715 3209 1716 3272 l

329 3293 387 3350 nisi
409 3311 477 3350 eum
499 3292 619 3352 nomine
639 3293 729 3351 nudo.
1715 3281 1716 3296 ¹

1715 3367 1716 3428 l

332 3501 400 3562 545
424 3501 533 3561 Pettau
555 3499 661 3578 [Gratz
683 3503 784 3580 mus.].

927 3626 1104 3712 sm

331 3789 453 3847 Pichler
474 3791 557 3850 misit
578 3791 682 3850 charta
703 3809 889 3869 expressam.

373 3891 497 3969 Legioni
513 3893 545 3951 II
566 3893 700 3967 Italicae,
723 3895 770 3952 cui
793 3897 897 3954 tribuit
911 3895 1041 3969 Pichler‚
1065 3897 1116 3954 vix
1138 3905 1218 3956 recte
1239 3897 1325 3957 datur
1347 3897 1399 3973 (ci.
1415 3918 1444 3956 n.
1458 3897 1563 3974 4656).
1600 3896 1653 3958 Sed

331 3993 449 4052 videtur
471 4013 544 4053 sane
567 3996 713 4055 nominari
735 3997 815 4074 legio
837 3999 953 4076 aliqua,
975 4008 1005 4056 et
1027 4017 1207 4076 magnopere
1229 4001 1456 4059 desiderandum
1480 4009 1540 4074 est,
1562 4012 1595 4058 ut
1614 4003 1653 4058 in·

331 4105 446 4172 tegrum
474 4098 629 4175 exemplar
650 4098 786 4174 prodeat,
808 4119 876 4159 cum
897 4101 1153 4161 Poetoviouenses
1176 4102 1286 4162 lateres
1310 4103 1348 4160 ad
1369 4103 1457 4162 initia
1478 4103 1593 4182 Imperii
1614 4123 1654 4161 re·

331 4197 394 4256 dire
418 4199 543 4258 soleant.

331 4404 402 4467 546
425 4405 581 4468 Carnunti.

902 4483 1102 4654 cloacam

331 4653 504 4714 Hirschfeld
527 4655 621 4716 nect.
640 4659 654 4714 1
679 4676 708 4733 p.
725 4659 792 4717 134.

331 4883 402 4946 547
426 4884 572 4947 Savariae
594 4907 656 4965 rep.
680 4887 723 4962 [in
745 4889 868 4964 museo}

934 5045 1060 5096 Cttxttt

331 5188 408 5268 Lipp
430 5193 460 5249 in
483 5193 557 5251 actis
580 5211 641 5251 soc.
659 5192 762 5254 Seuer.
781 5195 798 5252 6
820 5194 931 5272 (1878)
955 5215 982 5272 p.
1000 5198 1039 5256 66
1062 5197 1115 5255 dat
1136 5197 1273 5257 incisam.

373 5291 513 5354 Cohortis
535 5295 648 5354 XXIII
671 5297 916 5357 voluntariorum.
