<?xml version="1.0" encoding="UTF-8"?>
<!DOCTYPE html PUBLIC "-//W3C//DTD XHTML 1.0 Transitional//EN"
    "http://www.w3.org/TR/xhtml1/DTD/xhtml1-transitional.dtd">
<html xmlns="http://www.w3.org/1999/xhtml" xml:lang="en" lang="en">
 <head>
  <title>
</title>
<meta http-equiv="Content-Type" content="text/html;charset=utf-8" />
  <meta name='ocr-system' content='tesseract 3.04.00' />
  <meta name='ocr-capabilities' content='ocr_page ocr_carea ocr_par ocr_line ocrx_word'/>
</head>
<body>
  <div class='ocr_page' id='page_1' title='image "./ephemerisepigra10instgoog_0255.png"; bbox 0 0 3394 5976; ppageno 0'>
   <div class='ocr_carea' id='block_1_1' title="bbox 336 667 1092 741">
    <p class='ocr_par' dir='ltr' id='par_1_1' title="bbox 336 667 1092 741">
     <span class='ocr_line' id='line_1_1' title="bbox 336 667 1092 741; baseline -0.005 -1"><span class='ocrx_word' id='word_1_1' title='bbox 336 667 411 741; x_wconf 79' lang='lat'><strong>244</strong></span> <span class='ocrx_word' id='word_1_2' title='bbox 907 683 1092 738; x_wconf 82' lang='lat' dir='ltr'><strong>nouusnu</strong></span> 
     </span>
    </p>
   </div>
   <div class='ocr_carea' id='block_1_2' title="bbox 334 859 1680 4725">
    <p class='ocr_par' dir='ltr' id='par_1_2' title="bbox 334 859 1680 4725">
     <span class='ocr_line' id='line_1_2' title="bbox 334 859 1660 937; baseline -0.001 -16"><span class='ocrx_word' id='word_1_3' title='bbox 334 861 440 921; x_wconf 89' lang='lat' dir='ltr'><strong>cadere</strong></span> <span class='ocrx_word' id='word_1_4' title='bbox 467 860 556 918; x_wconf 91' lang='lat' dir='ltr'><strong>modo</strong></span> <span class='ocrx_word' id='word_1_5' title='bbox 580 859 724 930; x_wconf 85' lang='lat' dir='ltr'><strong>vidimus,</strong></span> <span class='ocrx_word' id='word_1_6' title='bbox 751 859 882 917; x_wconf 90' lang='lat' dir='ltr'><strong>seeundo</strong></span> <span class='ocrx_word' id='word_1_7' title='bbox 908 859 1036 936; x_wconf 87' lang='lat' dir='ltr'>legionis</span> <span class='ocrx_word' id='word_1_8' title='bbox 1058 859 1225 918; x_wconf 90' lang='lat' dir='ltr'><strong>centurioni</strong></span> <span class='ocrx_word' id='word_1_9' title='bbox 1248 859 1290 918; x_wconf 89' lang='lat' dir='ltr'><strong>ita</strong></span> <span class='ocrx_word' id='word_1_10' title='bbox 1311 861 1529 937; x_wconf 82' lang='lat' dir='ltr'><strong>aequiparatur,</strong></span> <span class='ocrx_word' id='word_1_11' title='bbox 1554 871 1588 918; x_wconf 89' lang='lat' dir='ltr'><strong>ut</strong></span> <span class='ocrx_word' id='word_1_12' title='bbox 1608 871 1660 920; x_wconf 89' lang='lat' dir='ltr'><strong>tam</strong></span> 
     </span>
     <span class='ocr_line' id='line_1_3' title="bbox 338 961 1661 1038; baseline -0.001 -15"><span class='ocrx_word' id='word_1_13' title='bbox 338 966 376 1024; x_wconf 89' lang='lat' dir='ltr'><strong>ab</strong></span> <span class='ocrx_word' id='word_1_14' title='bbox 398 965 454 1022; x_wconf 92' lang='lat' dir='ltr'><strong>hoc</strong></span> <span class='ocrx_word' id='word_1_15' title='bbox 476 963 513 1020; x_wconf 91' lang='lat' dir='ltr'><strong>ad</strong></span> <span class='ocrx_word' id='word_1_16' title='bbox 535 962 619 1020; x_wconf 88' lang='lat' dir='ltr'><strong>illum</strong></span> <span class='ocrx_word' id='word_1_17' title='bbox 641 979 731 1038; x_wconf 88' lang='lat' dir='ltr'><strong>quam</strong></span> <span class='ocrx_word' id='word_1_18' title='bbox 754 962 792 1019; x_wconf 87' lang='lat' dir='ltr'><strong>ab</strong></span> <span class='ocrx_word' id='word_1_19' title='bbox 815 961 867 1020; x_wconf 92' lang='lat' dir='ltr'><strong>illo</strong></span> <span class='ocrx_word' id='word_1_20' title='bbox 890 963 928 1020; x_wconf 88' lang='lat' dir='ltr'><strong>ad</strong></span> <span class='ocrx_word' id='word_1_21' title='bbox 950 962 1028 1020; x_wconf 92' lang='lat' dir='ltr'><strong>hunc</strong></span> <span class='ocrx_word' id='word_1_22' title='bbox 1051 979 1209 1037; x_wconf 82' lang='lat' dir='ltr'>processus</span> <span class='ocrx_word' id='word_1_23' title='bbox 1232 969 1311 1020; x_wconf 90' lang='lat' dir='ltr'><strong>recte</strong></span> <span class='ocrx_word' id='word_1_24' title='bbox 1333 962 1394 1020; x_wconf 86' lang='lat' dir='ltr'><strong>fiat.</strong></span> <span class='ocrx_word' id='word_1_25' title='bbox 1443 961 1552 1022; x_wconf 88' lang='lat' dir='ltr'>Solent</span> <span class='ocrx_word' id='word_1_26' title='bbox 1572 975 1661 1022; x_wconf 87' lang='lat' dir='ltr'><strong>autem</strong></span> 
     </span>
     <span class='ocr_line' id='line_1_4' title="bbox 335 1063 1661 1139; baseline -0.001 -14"><span class='ocrx_word' id='word_1_27' title='bbox 335 1067 375 1125; x_wconf 86' lang='lat' dir='ltr'><strong>ad</strong></span> <span class='ocrx_word' id='word_1_28' title='bbox 401 1066 628 1124; x_wconf 90' lang='lat' dir='ltr'><strong>trecenariatum</strong></span> <span class='ocrx_word' id='word_1_29' title='bbox 656 1063 825 1139; x_wconf 91' lang='lat' dir='ltr'><strong>promoveri</strong></span> <span class='ocrx_word' id='word_1_30' title='bbox 848 1065 899 1139; x_wconf 93' lang='lat' dir='ltr'><strong>qui</strong></span> <span class='ocrx_word' id='word_1_31' title='bbox 926 1073 1014 1122; x_wconf 86' lang='lat' dir='ltr'><strong>antea</strong></span> <span class='ocrx_word' id='word_1_32' title='bbox 1038 1065 1069 1122; x_wconf 91' lang='lat' dir='ltr'><strong>in</strong></span> <span class='ocrx_word' id='word_1_33' title='bbox 1094 1063 1165 1122; x_wconf 91' lang='lat' dir='ltr'><strong>urbe</strong></span> <span class='ocrx_word' id='word_1_34' title='bbox 1187 1064 1255 1122; x_wconf 89' lang='lat' dir='ltr'><strong>loeo</strong></span> <span class='ocrx_word' id='word_1_35' title='bbox 1277 1064 1467 1124; x_wconf 76' lang='lat' dir='ltr'><strong>honoratiore</strong></span> <span class='ocrx_word' id='word_1_36' title='bbox 1488 1079 1661 1138; x_wconf 87' lang='lat' dir='ltr'><strong>mernerunt,</strong></span> 
     </span>
     <span class='ocr_line' id='line_1_5' title="bbox 336 1166 1660 1245; baseline 0.002 -19"><span class='ocrx_word' id='word_1_37' title='bbox 336 1185 515 1245; x_wconf 91' lang='lat' dir='ltr'><strong>quamquam</strong></span> <span class='ocrx_word' id='word_1_38' title='bbox 541 1185 602 1224; x_wconf 90' lang='lat' dir='ltr'><strong>non</strong></span> <span class='ocrx_word' id='word_1_39' title='bbox 632 1166 697 1224; x_wconf 92' lang='lat' dir='ltr'><strong>sine</strong></span> <span class='ocrx_word' id='word_1_40' title='bbox 722 1166 862 1242; x_wconf 85' lang='lat' dir='ltr'><strong>exemplo</strong></span> <span class='ocrx_word' id='word_1_41' title='bbox 897 1167 1159 1225; x_wconf 88' lang='lat' dir='ltr'><strong>est·centurionis</strong></span> <span class='ocrx_word' id='word_1_42' title='bbox 1191 1166 1348 1242; x_wconf 89' lang='lat' dir='ltr'><strong>legionarii</strong></span> <span class='ocrx_word' id='word_1_43' title='bbox 1377 1167 1416 1225; x_wconf 91' lang='lat' dir='ltr'><strong>ad</strong></span> <span class='ocrx_word' id='word_1_44' title='bbox 1442 1170 1660 1228; x_wconf 87' lang='lat' dir='ltr'><strong>trecenariatmn</strong></span> 
     </span>
     <span class='ocr_line' id='line_1_6' title="bbox 334 1267 1661 1348; baseline 0.002 -19"><span class='ocrx_word' id='word_1_45' title='bbox 334 1287 503 1348; x_wconf 82' lang='lat' dir='ltr'><strong>processus.</strong></span> <span class='ocrx_word' id='word_1_46' title='bbox 540 1268 605 1326; x_wconf 91' lang='lat' dir='ltr'><strong>Iam</strong></span> <span class='ocrx_word' id='word_1_47' title='bbox 621 1285 692 1326; x_wconf 85' lang='lat' dir='ltr'><strong>vero</strong></span> <span class='ocrx_word' id='word_1_48' title='bbox 715 1286 781 1325; x_wconf 89' lang='lat' dir='ltr'><strong>eum</strong></span> <span class='ocrx_word' id='word_1_49' title='bbox 803 1267 976 1328; x_wconf 87' lang='lat' dir='ltr'><strong>trecenariis</strong></span> <span class='ocrx_word' id='word_1_50' title='bbox 993 1270 1100 1326; x_wconf 84' lang='lat' dir='ltr'><strong>cohors</strong></span> <span class='ocrx_word' id='word_1_51' title='bbox 1124 1268 1252 1328; x_wconf 85' lang='lat' dir='ltr'><strong>adscribi</strong></span> <span class='ocrx_word' id='word_1_52' title='bbox 1274 1269 1370 1327; x_wconf 77' lang='lat' dir='ltr'><strong>soleat</strong></span> <span class='ocrx_word' id='word_1_53' title='bbox 1392 1289 1488 1346; x_wconf 90' lang='lat' dir='ltr'><strong>neque</strong></span> <span class='ocrx_word' id='word_1_54' title='bbox 1511 1271 1661 1347; x_wconf 88' lang='lat' dir='ltr'><strong>quiequam</strong></span> 
     </span>
     <span class='ocr_line' id='line_1_7' title="bbox 335 1370 1661 1449; baseline 0 -18"><span class='ocrx_word' id='word_1_55' title='bbox 335 1373 448 1432; x_wconf 90' lang='lat' dir='ltr'><strong>indicet</strong></span> <span class='ocrx_word' id='word_1_56' title='bbox 469 1373 500 1430; x_wconf 92' lang='lat' dir='ltr'><strong>in</strong></span> <span class='ocrx_word' id='word_1_57' title='bbox 523 1370 651 1448; x_wconf 85' lang='lat' dir='ltr'><strong>singulis</strong></span> <span class='ocrx_word' id='word_1_58' title='bbox 674 1371 847 1430; x_wconf 87' lang='lat' dir='ltr'><strong>cohortibus</strong></span> <span class='ocrx_word' id='word_1_59' title='bbox 869 1371 938 1448; x_wconf 94' lang='lat' dir='ltr'><strong>plus</strong></span> <span class='ocrx_word' id='word_1_60' title='bbox 962 1389 1049 1447; x_wconf 91' lang='lat' dir='ltr'><strong>quam</strong></span> <span class='ocrx_word' id='word_1_61' title='bbox 1073 1371 1209 1449; x_wconf 89' lang='lat' dir='ltr'><strong>singulos</strong></span> <span class='ocrx_word' id='word_1_62' title='bbox 1231 1372 1413 1430; x_wconf 89' lang='lat' dir='ltr'><strong>trecenarios</strong></span> <span class='ocrx_word' id='word_1_63' title='bbox 1436 1371 1543 1444; x_wconf 86' lang='lat' dir='ltr'><strong>fuisse,</strong></span> <span class='ocrx_word' id='word_1_64' title='bbox 1573 1374 1661 1431; x_wconf 84' lang='lat' dir='ltr'><strong>admo</strong></span> 
     </span>
     <span class='ocr_line' id='line_1_8' title="bbox 335 1473 1661 1552; baseline 0 -19"><span class='ocrx_word' id='word_1_65' title='bbox 335 1476 404 1534; x_wconf 92' lang='lat' dir='ltr'><strong>dum</strong></span> <span class='ocrx_word' id='word_1_66' title='bbox 431 1473 586 1550; x_wconf 81' lang='lat' dir='ltr'><strong>probabile</strong></span> <span class='ocrx_word' id='word_1_67' title='bbox 614 1482 659 1531; x_wconf 88' lang='lat' dir='ltr'><strong>est</strong></span> <span class='ocrx_word' id='word_1_68' title='bbox 686 1473 871 1552; x_wconf 88' lang='lat' dir='ltr'><strong>singularum</strong></span> <span class='ocrx_word' id='word_1_69' title='bbox 900 1473 1066 1531; x_wconf 88' lang='lat' dir='ltr'><strong>cohortium</strong></span> <span class='ocrx_word' id='word_1_70' title='bbox 1093 1474 1309 1550; x_wconf 87' lang='lat' dir='ltr'><strong>praetoriarum</strong></span> <span class='ocrx_word' id='word_1_71' title='bbox 1337 1475 1527 1533; x_wconf 83' lang='lat' dir='ltr'><strong>centuriones</strong></span> <span class='ocrx_word' id='word_1_72' title='bbox 1563 1477 1661 1552; x_wconf 85' lang='lat' dir='ltr'><strong>primos</strong></span> 
     </span>
     <span class='ocr_line' id='line_1_9' title="bbox 334 1575 1661 1652; baseline 0 -17"><span class='ocrx_word' id='word_1_73' title='bbox 334 1579 392 1636; x_wconf 94' lang='lat' dir='ltr'><strong>hoo</strong></span> <span class='ocrx_word' id='word_1_74' title='bbox 413 1576 534 1634; x_wconf 90' lang='lat' dir='ltr'><strong>nomine</strong></span> <span class='ocrx_word' id='word_1_75' title='bbox 556 1575 723 1652; x_wconf 88' lang='lat' dir='ltr'><strong>appellatos</strong></span> <span class='ocrx_word' id='word_1_76' title='bbox 745 1591 823 1633; x_wconf 90' lang='lat' dir='ltr'><strong>esse.</strong></span> <span class='ocrx_word' id='word_1_77' title='bbox 867 1575 1022 1651; x_wconf 86' lang='lat' dir='ltr'><strong>Principes</strong></span> <span class='ocrx_word' id='word_1_78' title='bbox 1051 1585 1149 1634; x_wconf 87' lang='lat' dir='ltr'><strong>autem</strong></span> <span class='ocrx_word' id='word_1_79' title='bbox 1176 1585 1341 1634; x_wconf 89' lang='lat' dir='ltr'><strong>castrorum</strong></span> <span class='ocrx_word' id='word_1_80' title='bbox 1369 1587 1399 1634; x_wconf 90' lang='lat' dir='ltr'><strong>et</strong></span> <span class='ocrx_word' id='word_1_81' title='bbox 1426 1577 1514 1652; x_wconf 88' lang='lat' dir='ltr'><strong>ipsos</strong></span> <span class='ocrx_word' id='word_1_82' title='bbox 1543 1587 1661 1636; x_wconf 87' lang='lat' dir='ltr'><strong>trecena-</strong></span> 
     </span>
     <span class='ocr_line' id='line_1_10' title="bbox 336 1677 1660 1755; baseline 0 -19"><span class='ocrx_word' id='word_1_83' title='bbox 336 1680 399 1738; x_wconf 87' lang='lat' dir='ltr'><strong>rios</strong></span> <span class='ocrx_word' id='word_1_84' title='bbox 420 1678 512 1736; x_wconf 83' lang='lat' dir='ltr'><strong>fuisse</strong></span> <span class='ocrx_word' id='word_1_85' title='bbox 534 1697 599 1736; x_wconf 91' lang='lat' dir='ltr'><strong>cum</strong></span> <span class='ocrx_word' id='word_1_86' title='bbox 624 1697 660 1734; x_wconf 83' lang='lat' dir='ltr'><strong>ex</strong></span> <span class='ocrx_word' id='word_1_87' title='bbox 683 1678 772 1735; x_wconf 90' lang='lat' dir='ltr'><strong>titulo</strong></span> <span class='ocrx_word' id='word_1_88' title='bbox 794 1697 822 1735; x_wconf 91' lang='lat' dir='ltr'><strong>n.</strong></span> <span class='ocrx_word' id='word_1_89' title='bbox 841 1677 879 1736; x_wconf 88' lang='grc'><strong>88</strong></span> <span class='ocrx_word' id='word_1_90' title='bbox 903 1677 980 1736; x_wconf 81' lang='lat' dir='ltr'><strong>effici</strong></span> <span class='ocrx_word' id='word_1_91' title='bbox 997 1679 1134 1736; x_wconf 81' lang='lat' dir='ltr'><strong>rideatur</strong></span> <span class='ocrx_word' id='word_1_92' title='bbox 1156 1677 1238 1752; x_wconf 87' lang='lat' dir='ltr'><strong>(nam</strong></span> <span class='ocrx_word' id='word_1_93' title='bbox 1261 1679 1423 1736; x_wconf 91' lang='lat' dir='ltr'><strong>secundum</strong></span> <span class='ocrx_word' id='word_1_94' title='bbox 1439 1699 1508 1738; x_wconf 90' lang='lat' dir='ltr'><strong>eum</strong></span> <span class='ocrx_word' id='word_1_95' title='bbox 1533 1692 1585 1737; x_wconf 89' lang='lat' dir='ltr'><strong>aut</strong></span> <span class='ocrx_word' id='word_1_96' title='bbox 1606 1699 1660 1755; x_wconf 89' lang='lat' dir='ltr'><strong>pro·</strong></span> 
     </span>
     <span class='ocr_line' id='line_1_11' title="bbox 336 1781 1655 1859; baseline -0.001 -19"><span class='ocrx_word' id='word_1_97' title='bbox 336 1799 441 1840; x_wconf 88' lang='lat' dir='ltr'><strong>cessus</strong></span> <span class='ocrx_word' id='word_1_98' title='bbox 465 1781 640 1838; x_wconf 87' lang='lat' dir='ltr'><strong>statuendus</strong></span> <span class='ocrx_word' id='word_1_99' title='bbox 664 1789 709 1839; x_wconf 89' lang='lat' dir='ltr'><strong>est</strong></span> <span class='ocrx_word' id='word_1_100' title='bbox 730 1801 749 1838; x_wconf 89' lang='lat' dir='ltr'><strong>a</strong></span> <span class='ocrx_word' id='word_1_101' title='bbox 770 1781 939 1857; x_wconf 88' lang='lat' dir='ltr'><strong>principatu</strong></span> <span class='ocrx_word' id='word_1_102' title='bbox 965 1789 1131 1838; x_wconf 90' lang='lat' dir='ltr'><strong>castrorum</strong></span> <span class='ocrx_word' id='word_1_103' title='bbox 1160 1781 1197 1838; x_wconf 84' lang='lat' dir='ltr'><strong>ad</strong></span> <span class='ocrx_word' id='word_1_104' title='bbox 1224 1782 1452 1841; x_wconf 86' lang='lat' dir='ltr'><strong>trecenariatum</strong></span> <span class='ocrx_word' id='word_1_105' title='bbox 1475 1801 1584 1859; x_wconf 89' lang='lat' dir='ltr'><strong>parum</strong></span> <span class='ocrx_word' id='word_1_106' title='bbox 1606 1801 1655 1859; x_wconf 82' lang='lat' dir='ltr'><strong>pro</strong></span> 
     </span>
     <span class='ocr_line' id='line_1_12' title="bbox 338 1882 1657 1960; baseline 0 -18"><span class='ocrx_word' id='word_1_107' title='bbox 338 1883 447 1942; x_wconf 88' lang='lat' dir='ltr'><strong>babilis</strong></span> <span class='ocrx_word' id='word_1_108' title='bbox 470 1890 522 1941; x_wconf 92' lang='lat' dir='ltr'><strong>aut</strong></span> <span class='ocrx_word' id='word_1_109' title='bbox 544 1883 707 1960; x_wconf 90' lang='lat' dir='ltr'><strong>principem</strong></span> <span class='ocrx_word' id='word_1_110' title='bbox 730 1889 896 1941; x_wconf 87' lang='lat' dir='ltr'><strong>castrorum</strong></span> <span class='ocrx_word' id='word_1_111' title='bbox 919 1883 1009 1941; x_wconf 90' lang='lat' dir='ltr'><strong>simul</strong></span> <span class='ocrx_word' id='word_1_112' title='bbox 1030 1882 1123 1940; x_wconf 90' lang='lat' dir='ltr'><strong>fuisse</strong></span> <span class='ocrx_word' id='word_1_113' title='bbox 1145 1884 1343 1942; x_wconf 87' lang='lat' dir='ltr'><strong>trecenarium</strong></span> <span class='ocrx_word' id='word_1_114' title='bbox 1366 1885 1497 1942; x_wconf 84' lang='lat' dir='ltr'><strong>cohortis</strong></span> <span class='ocrx_word' id='word_1_115' title='bbox 1519 1885 1585 1943; x_wconf 91' lang='lat' dir='ltr'>IIII</span> <span class='ocrx_word' id='word_1_116' title='bbox 1604 1885 1657 1960; x_wconf 76' lang='lat' dir='ltr'><strong>pal,</strong></span> 
     </span>
     <span class='ocr_line' id='line_1_13' title="bbox 339 1985 1659 2064; baseline 0.001 -20"><span class='ocrx_word' id='word_1_117' title='bbox 339 1986 494 2064; x_wconf 82' lang='lat' dir='ltr'><strong>probabile</strong></span> <span class='ocrx_word' id='word_1_118' title='bbox 517 1993 579 2056; x_wconf 86' lang='lat' dir='ltr'><strong>est,</strong></span> <span class='ocrx_word' id='word_1_119' title='bbox 607 1995 639 2044; x_wconf 91' lang='lat' dir='ltr'><strong>ut</strong></span> <span class='ocrx_word' id='word_1_120' title='bbox 661 2003 753 2060; x_wconf 92' lang='lat' dir='ltr'><strong>supra</strong></span> <span class='ocrx_word' id='word_1_121' title='bbox 774 1986 993 2062; x_wconf 87' lang='lat' dir='ltr'><strong>praecepimus,</strong></span> <span class='ocrx_word' id='word_1_122' title='bbox 1020 2004 1059 2042; x_wconf 85' lang='lat' dir='ltr'><strong>ex</strong></span> <span class='ocrx_word' id='word_1_123' title='bbox 1086 1985 1188 2044; x_wconf 87' lang='lat' dir='ltr'><strong>decem</strong></span> <span class='ocrx_word' id='word_1_124' title='bbox 1211 1987 1383 2044; x_wconf 90' lang='lat' dir='ltr'><strong>trecenariis</strong></span> <span class='ocrx_word' id='word_1_125' title='bbox 1404 1987 1480 2046; x_wconf 87' lang='lat' dir='ltr'><strong>duos</strong></span> <span class='ocrx_word' id='word_1_126' title='bbox 1504 1987 1615 2046; x_wconf 89' lang='lat' dir='ltr'><strong>electos</strong></span> <span class='ocrx_word' id='word_1_127' title='bbox 1633 2005 1659 2045; x_wconf 88' lang='lat' dir='ltr'><strong>eo</strong></span> 
     </span>
     <span class='ocr_line' id='line_1_14' title="bbox 339 2085 1659 2164; baseline -0.001 -17"><span class='ocrx_word' id='word_1_128' title='bbox 339 2107 462 2148; x_wconf 90' lang='lat' dir='ltr'><strong>munere</strong></span> <span class='ocrx_word' id='word_1_129' title='bbox 485 2087 602 2146; x_wconf 85' lang='lat' dir='ltr'><strong>iunctos</strong></span> <span class='ocrx_word' id='word_1_130' title='bbox 625 2105 701 2146; x_wconf 91' lang='lat' dir='ltr'><strong>esse.</strong></span> <span class='ocrx_word' id='word_1_131' title='bbox 724 2121 758 2132; x_wconf 96' lang='lat'>—</span> <span class='ocrx_word' id='word_1_132' title='bbox 782 2085 911 2164; x_wconf 87' lang='lat' dir='ltr'><strong>Reliqua</strong></span> <span class='ocrx_word' id='word_1_133' title='bbox 932 2088 1030 2164; x_wconf 89' lang='lat' dir='ltr'><strong>posita</strong></span> <span class='ocrx_word' id='word_1_134' title='bbox 1052 2095 1122 2146; x_wconf 91' lang='lat' dir='ltr'><strong>sunt</strong></span> <span class='ocrx_word' id='word_1_135' title='bbox 1144 2089 1175 2146; x_wconf 91' lang='lat' dir='ltr'><strong>in</strong></span> <span class='ocrx_word' id='word_1_136' title='bbox 1198 2089 1370 2147; x_wconf 90' lang='lat' dir='ltr'><strong>coniectura</strong></span> <span class='ocrx_word' id='word_1_137' title='bbox 1392 2089 1508 2148; x_wconf 84' lang='lat' dir='ltr'><strong>difficili</strong></span> <span class='ocrx_word' id='word_1_138' title='bbox 1531 2098 1562 2148; x_wconf 89' lang='lat' dir='ltr'><strong>et</strong></span> <span class='ocrx_word' id='word_1_139' title='bbox 1583 2091 1659 2164; x_wconf 88' lang='lat' dir='ltr'><strong>impe·</strong></span> 
     </span>
     <span class='ocr_line' id='line_1_15' title="bbox 339 2179 1659 2266; baseline -0.002 -15"><span class='ocrx_word' id='word_1_140' title='bbox 339 2191 410 2263; x_wconf 88' lang='lat' dir='ltr'><strong>dita,</strong></span> <span class='ocrx_word' id='word_1_141' title='bbox 434 2190 549 2248; x_wconf 89' lang='lat' dir='ltr'><strong>scilicet</strong></span> <span class='ocrx_word' id='word_1_142' title='bbox 564 2179 643 2266; x_wconf 87' lang='lat' dir='ltr'><strong>&#39;quid</strong></span> <span class='ocrx_word' id='word_1_143' title='bbox 658 2189 836 2248; x_wconf 90' lang='lat' dir='ltr'><strong>vocabulum</strong></span> <span class='ocrx_word' id='word_1_144' title='bbox 858 2189 1004 2266; x_wconf 88' lang='lat' dir='ltr'><strong>significet</strong></span> <span class='ocrx_word' id='word_1_145' title='bbox 1026 2197 1056 2248; x_wconf 89' lang='lat' dir='ltr'><strong>et</strong></span> <span class='ocrx_word' id='word_1_146' title='bbox 1071 2209 1122 2248; x_wconf 90' lang='lat' dir='ltr'><strong>eur</strong></span> <span class='ocrx_word' id='word_1_147' title='bbox 1144 2193 1326 2250; x_wconf 81' lang='lat' dir='ltr'><strong>trecenarius</strong></span> <span class='ocrx_word' id='word_1_148' title='bbox 1346 2192 1377 2250; x_wconf 90' lang='lat' dir='ltr'><strong>in</strong></span> <span class='ocrx_word' id='word_1_149' title='bbox 1398 2193 1550 2250; x_wconf 89' lang='lat' dir='ltr'><strong>honorum</strong></span> <span class='ocrx_word' id='word_1_150' title='bbox 1572 2193 1659 2250; x_wconf 88' lang='lat' dir='ltr'><strong>ordine</strong></span> 
     </span>
     <span class='ocr_line' id='line_1_16' title="bbox 339 2293 1658 2370; baseline -0.002 -18"><span class='ocrx_word' id='word_1_151' title='bbox 339 2312 372 2352; x_wconf 76' lang='lat' dir='ltr'><strong>ec</strong></span> <span class='ocrx_word' id='word_1_152' title='bbox 399 2295 554 2352; x_wconf 82' lang='lat' dir='ltr'><strong>trecenario</strong></span> <span class='ocrx_word' id='word_1_153' title='bbox 583 2293 750 2369; x_wconf 86' lang='lat' dir='ltr'><strong>appelletur</strong></span> <span class='ocrx_word' id='word_1_154' title='bbox 782 2301 887 2350; x_wconf 88' lang='lat' dir='ltr'><strong>contra</strong></span> <span class='ocrx_word' id='word_1_155' title='bbox 913 2293 1156 2351; x_wconf 88' lang='lat' dir='ltr'><strong>consuetudinem</strong></span> <span class='ocrx_word' id='word_1_156' title='bbox 1190 2301 1220 2350; x_wconf 91' lang='lat' dir='ltr'><strong>et</strong></span> <span class='ocrx_word' id='word_1_157' title='bbox 1246 2297 1366 2352; x_wconf 91' lang='lat' dir='ltr'><strong>omnino</strong></span> <span class='ocrx_word' id='word_1_158' title='bbox 1392 2303 1518 2370; x_wconf 88' lang='lat' dir='ltr'><strong>propter</strong></span> <span class='ocrx_word' id='word_1_159' title='bbox 1544 2295 1658 2369; x_wconf 86' lang='lat' dir='ltr'><strong>aliquam</strong></span> 
     </span>
     <span class='ocr_line' id='line_1_17' title="bbox 338 2395 1657 2474; baseline -0.002 -20"><span class='ocrx_word' id='word_1_160' title='bbox 338 2413 461 2454; x_wconf 88' lang='lat' dir='ltr'><strong>causam</strong></span> <span class='ocrx_word' id='word_1_161' title='bbox 489 2402 600 2452; x_wconf 90' lang='lat' dir='ltr'><strong>certam</strong></span> <span class='ocrx_word' id='word_1_162' title='bbox 629 2405 659 2452; x_wconf 88' lang='lat' dir='ltr'><strong>et</strong></span> <span class='ocrx_word' id='word_1_163' title='bbox 684 2395 830 2453; x_wconf 89' lang='lat' dir='ltr'><strong>idoneam.</strong></span> <span class='ocrx_word' id='word_1_164' title='bbox 875 2395 1049 2454; x_wconf 87' lang='lat' dir='ltr'><strong>Trecenarii</strong></span> <span class='ocrx_word' id='word_1_165' title='bbox 1078 2395 1224 2453; x_wconf 88' lang='lat' dir='ltr'><strong>vocabulo</strong></span> <span class='ocrx_word' id='word_1_166' title='bbox 1252 2396 1415 2474; x_wconf 89' lang='lat' dir='ltr'><strong>significari</strong></span> <span class='ocrx_word' id='word_1_167' title='bbox 1437 2397 1485 2454; x_wconf 91' lang='lat' dir='ltr'><strong>cui</strong></span> <span class='ocrx_word' id='word_1_168' title='bbox 1510 2397 1558 2454; x_wconf 91' lang='lat' dir='ltr'><strong>ius</strong></span> <span class='ocrx_word' id='word_1_169' title='bbox 1580 2397 1614 2454; x_wconf 91' lang='lat' dir='ltr'><strong>sit</strong></span> <span class='ocrx_word' id='word_1_170' title='bbox 1635 2397 1657 2452; x_wconf 92' lang='lat' dir='ltr'><strong>iu</strong></span> 
     </span>
     <span class='ocr_line' id='line_1_18' title="bbox 337 2497 1657 2573; baseline -0.003 -16"><span class='ocrx_word' id='word_1_171' title='bbox 337 2508 459 2558; x_wconf 91' lang='lat' dir='ltr'><strong>trecena</strong></span> <span class='ocrx_word' id='word_1_172' title='bbox 491 2497 660 2556; x_wconf 87' lang='lat' dir='ltr'><strong>sestertium</strong></span> <span class='ocrx_word' id='word_1_173' title='bbox 694 2497 778 2554; x_wconf 89' lang='lat' dir='ltr'><strong>milia</strong></span> <span class='ocrx_word' id='word_1_174' title='bbox 810 2507 927 2556; x_wconf 85' lang='lat' dir='ltr'><strong>constat</strong></span> <span class='ocrx_word' id='word_1_175' title='bbox 958 2497 989 2554; x_wconf 91' lang='lat' dir='ltr'><strong>in</strong></span> <span class='ocrx_word' id='word_1_176' title='bbox 1023 2505 1215 2572; x_wconf 86' lang='lat' dir='ltr'><strong>procuratore</strong></span> <span class='ocrx_word' id='word_1_177' title='bbox 1248 2499 1412 2558; x_wconf 86' lang='lat' dir='ltr'><strong>trecenario</strong></span> <span class='ocrx_word' id='word_1_178' title='bbox 1445 2497 1559 2573; x_wconf 90' lang='lat' dir='ltr'><strong>(Orell.</strong></span> <span class='ocrx_word' id='word_1_179' title='bbox 1583 2497 1657 2570; x_wconf 75' lang='lat'>946),</span> 
     </span>
     <span class='ocr_line' id='line_1_19' title="bbox 340 2597 1656 2678; baseline -0.001 -19"><span class='ocrx_word' id='word_1_180' title='bbox 340 2601 456 2660; x_wconf 89' lang='lat' dir='ltr'><strong>scilicet</strong></span> <span class='ocrx_word' id='word_1_181' title='bbox 477 2599 528 2675; x_wconf 93' lang='lat' dir='ltr'><strong>qui</strong></span> <span class='ocrx_word' id='word_1_182' title='bbox 550 2601 693 2658; x_wconf 90' lang='lat' dir='ltr'><strong>salarium</strong></span> <span class='ocrx_word' id='word_1_183' title='bbox 716 2619 846 2658; x_wconf 91' lang='lat' dir='ltr'><strong>annuum</strong></span> <span class='ocrx_word' id='word_1_184' title='bbox 869 2599 996 2675; x_wconf 89' lang='lat' dir='ltr'><strong>accipiat</strong></span> <span class='ocrx_word' id='word_1_185' title='bbox 1011 2597 1091 2658; x_wconf 88' lang='grc'><strong>000</strong></span> <span class='ocrx_word' id='word_1_186' title='bbox 1106 2599 1231 2670; x_wconf 86' lang='lat' dir='ltr'><strong>milium,</strong></span> <span class='ocrx_word' id='word_1_187' title='bbox 1254 2601 1504 2678; x_wconf 89' lang='lat' dir='ltr'><strong>confirmaturque</strong></span> <span class='ocrx_word' id='word_1_188' title='bbox 1527 2601 1656 2660; x_wconf 86' lang='lat' dir='ltr'><strong>similibus</strong></span> 
     </span>
     <span class='ocr_line' id='line_1_20' title="bbox 339 2701 1656 2778; baseline -0.002 -14"><span class='ocrx_word' id='word_1_189' title='bbox 339 2706 504 2776; x_wconf 86' lang='lat' dir='ltr'><strong>vocabulis,</strong></span> <span class='ocrx_word' id='word_1_190' title='bbox 530 2711 563 2763; x_wconf 91' lang='lat' dir='ltr'><strong>ut</strong></span> <span class='ocrx_word' id='word_1_191' title='bbox 588 2702 775 2762; x_wconf 89' lang='lat' dir='ltr'><strong>centenarius</strong></span> <span class='ocrx_word' id='word_1_192' title='bbox 804 2702 929 2760; x_wconf 88' lang='lat' dir='ltr'><strong>libertus</strong></span> <span class='ocrx_word' id='word_1_193' title='bbox 955 2701 983 2759; x_wconf 91' lang='lat' dir='ltr'><strong>is</strong></span> <span class='ocrx_word' id='word_1_194' title='bbox 1010 2711 1054 2760; x_wconf 87' lang='lat' dir='ltr'><strong>est</strong></span> <span class='ocrx_word' id='word_1_195' title='bbox 1081 2701 1132 2778; x_wconf 91' lang='lat' dir='ltr'><strong>qui</strong></span> <span class='ocrx_word' id='word_1_196' title='bbox 1158 2703 1291 2777; x_wconf 88' lang='lat' dir='ltr'><strong>possidet</strong></span> <span class='ocrx_word' id='word_1_197' title='bbox 1316 2711 1433 2762; x_wconf 90' lang='lat' dir='ltr'><strong>centum</strong></span> <span class='ocrx_word' id='word_1_198' title='bbox 1462 2704 1550 2763; x_wconf 85' lang='lat' dir='ltr'><strong>milia</strong></span> <span class='ocrx_word' id='word_1_199' title='bbox 1569 2716 1656 2762; x_wconf 84' lang='lat' dir='ltr'><strong>sester-</strong></span> 
     </span>
     <span class='ocr_line' id='line_1_21' title="bbox 340 2803 1654 2883; baseline -0.002 -17"><span class='ocrx_word' id='word_1_200' title='bbox 340 2808 429 2878; x_wconf 88' lang='lat' dir='ltr'><strong>tium;</strong></span> <span class='ocrx_word' id='word_1_201' title='bbox 454 2808 507 2866; x_wconf 92' lang='lat' dir='ltr'><strong>sed</strong></span> <span class='ocrx_word' id='word_1_202' title='bbox 528 2808 602 2865; x_wconf 88' lang='lat' dir='ltr'><strong>haec</strong></span> <span class='ocrx_word' id='word_1_203' title='bbox 624 2804 804 2883; x_wconf 87' lang='lat' dir='ltr'><strong>significatio</strong></span> <span class='ocrx_word' id='word_1_204' title='bbox 825 2803 975 2880; x_wconf 86' lang='lat' dir='ltr'><strong>quomodo</strong></span> <span class='ocrx_word' id='word_1_205' title='bbox 995 2805 1033 2863; x_wconf 88' lang='lat' dir='ltr'><strong>ad</strong></span> <span class='ocrx_word' id='word_1_206' title='bbox 1052 2805 1255 2864; x_wconf 90' lang='lat' dir='ltr'><strong>centurionem</strong></span> <span class='ocrx_word' id='word_1_207' title='bbox 1276 2805 1359 2864; x_wconf 91' lang='lat' dir='ltr'><strong>illum</strong></span> <span class='ocrx_word' id='word_1_208' title='bbox 1380 2813 1459 2863; x_wconf 89' lang='lat' dir='ltr'><strong>recte</strong></span> <span class='ocrx_word' id='word_1_209' title='bbox 1479 2809 1654 2883; x_wconf 83' lang='lat' dir='ltr'><strong>applicarem,</strong></span> 
     </span>
     <span class='ocr_line' id='line_1_22' title="bbox 341 2905 1653 2986; baseline -0.005 -16"><span class='ocrx_word' id='word_1_210' title='bbox 341 2913 453 2970; x_wconf 85' lang='lat' dir='ltr'><strong>frustra</strong></span> <span class='ocrx_word' id='word_1_211' title='bbox 475 2909 620 2986; x_wconf 87' lang='lat' dir='ltr'><strong>quaesivi.</strong></span> <span class='ocrx_word' id='word_1_212' title='bbox 658 2905 738 2964; x_wconf 87' lang='lat' dir='ltr'><strong>Nam</strong></span> <span class='ocrx_word' id='word_1_213' title='bbox 760 2925 826 2966; x_wconf 94' lang='lat' dir='ltr'><strong>cum</strong></span> <span class='ocrx_word' id='word_1_214' title='bbox 849 2907 961 2966; x_wconf 89' lang='lat' dir='ltr'><strong>tribuni</strong></span> <span class='ocrx_word' id='word_1_215' title='bbox 984 2907 1109 2966; x_wconf 90' lang='lat' dir='ltr'><strong>militum</strong></span> <span class='ocrx_word' id='word_1_216' title='bbox 1126 2925 1255 2966; x_wconf 89' lang='lat' dir='ltr'><strong>annuum</strong></span> <span class='ocrx_word' id='word_1_217' title='bbox 1279 2908 1422 2966; x_wconf 87' lang='lat' dir='ltr'><strong>salarium</strong></span> <span class='ocrx_word' id='word_1_218' title='bbox 1442 2916 1564 2968; x_wconf 88' lang='lat' dir='ltr'><strong>constet</strong></span> <span class='ocrx_word' id='word_1_219' title='bbox 1583 2909 1653 2966; x_wconf 82' lang='lat' dir='ltr'><strong>fuisse</strong></span> 
     </span>
     <span class='ocr_line' id='line_1_23' title="bbox 341 3009 1648 3086; baseline -0.005 -14"><span class='ocrx_word' id='word_1_220' title='bbox 341 3013 512 3073; x_wconf 88' lang='lat' dir='ltr'><strong>sestertium</strong></span> <span class='ocrx_word' id='word_1_221' title='bbox 535 3017 726 3069; x_wconf 88' lang='lat' dir='ltr'><strong>centenorum</strong></span> <span class='ocrx_word' id='word_1_222' title='bbox 749 3010 862 3067; x_wconf 90' lang='lat' dir='ltr'><strong>milium</strong></span> <span class='ocrx_word' id='word_1_223' title='bbox 886 3027 1048 3080; x_wconf 90' lang='lat' dir='ltr'><strong>nummum,</strong></span> <span class='ocrx_word' id='word_1_224' title='bbox 1076 3029 1113 3068; x_wconf 92' lang='lat' dir='ltr'><strong>ne</strong></span> <span class='ocrx_word' id='word_1_225' title='bbox 1139 3009 1243 3086; x_wconf 90' lang='lat' dir='ltr'><strong>optimi</strong></span> <span class='ocrx_word' id='word_1_226' title='bbox 1266 3009 1386 3085; x_wconf 90' lang='lat' dir='ltr'><strong>quidem</strong></span> <span class='ocrx_word' id='word_1_227' title='bbox 1414 3011 1485 3070; x_wconf 88' lang='lat' dir='ltr'><strong>iuris</strong></span> <span class='ocrx_word' id='word_1_228' title='bbox 1509 3009 1648 3070; x_wconf 87' lang='lat' dir='ltr'><strong>centurioni</strong></span> 
     </span>
     <span class='ocr_line' id='line_1_24' title="bbox 342 3109 1647 3192; baseline -0.003 -20"><span class='ocrx_word' id='word_1_229' title='bbox 342 3118 532 3192; x_wconf 87' lang='lat' dir='ltr'><strong>praetoriano</strong></span> <span class='ocrx_word' id='word_1_230' title='bbox 555 3113 667 3189; x_wconf 87' lang='lat' dir='ltr'><strong>triplex</strong></span> <span class='ocrx_word' id='word_1_231' title='bbox 690 3113 790 3170; x_wconf 90' lang='lat' dir='ltr'><strong>datum</strong></span> <span class='ocrx_word' id='word_1_232' title='bbox 821 3129 889 3171; x_wconf 89' lang='lat' dir='ltr'><strong>esse</strong></span> <span class='ocrx_word' id='word_1_233' title='bbox 911 3119 1019 3188; x_wconf 84' lang='lat' dir='ltr'><strong>potest.</strong></span> <span class='ocrx_word' id='word_1_234' title='bbox 1065 3109 1154 3183; x_wconf 83' lang='lat' dir='ltr'><strong>Quod</strong></span> <span class='ocrx_word' id='word_1_235' title='bbox 1176 3113 1203 3170; x_wconf 89' lang='lat' dir='ltr'><strong>si</strong></span> <span class='ocrx_word' id='word_1_236' title='bbox 1225 3112 1263 3170; x_wconf 90' lang='lat' dir='ltr'><strong>ad</strong></span> <span class='ocrx_word' id='word_1_237' title='bbox 1286 3113 1451 3188; x_wconf 88' lang='lat' dir='ltr'><strong>praemium</strong></span> <span class='ocrx_word' id='word_1_238' title='bbox 1472 3113 1588 3173; x_wconf 85' lang='lat' dir='ltr'><strong>referas</strong></span> <span class='ocrx_word' id='word_1_239' title='bbox 1605 3131 1647 3170; x_wconf 83' lang='lat' dir='ltr'><strong>cun</strong></span> 
     </span>
     <span class='ocr_line' id='line_1_25' title="bbox 343 3213 1652 3292; baseline -0.005 -17"><span class='ocrx_word' id='word_1_240' title='bbox 343 3218 468 3276; x_wconf 90' lang='lat' dir='ltr'><strong>honesta</strong></span> <span class='ocrx_word' id='word_1_241' title='bbox 494 3215 636 3275; x_wconf 89' lang='lat' dir='ltr'><strong>missione</strong></span> <span class='ocrx_word' id='word_1_242' title='bbox 665 3214 810 3272; x_wconf 88' lang='lat' dir='ltr'><strong>eiusmodi</strong></span> <span class='ocrx_word' id='word_1_243' title='bbox 833 3215 1000 3272; x_wconf 89' lang='lat' dir='ltr'><strong>centurioni</strong></span> <span class='ocrx_word' id='word_1_244' title='bbox 1022 3213 1208 3286; x_wconf 79' lang='lat' dir='ltr'><strong>solvendum,</strong></span> <span class='ocrx_word' id='word_1_245' title='bbox 1230 3233 1267 3270; x_wconf 90' lang='lat' dir='ltr'><strong>ne</strong></span> <span class='ocrx_word' id='word_1_246' title='bbox 1289 3215 1346 3272; x_wconf 93' lang='lat' dir='ltr'><strong>hoc</strong></span> <span class='ocrx_word' id='word_1_247' title='bbox 1368 3215 1486 3292; x_wconf 92' lang='lat' dir='ltr'><strong>quidem</strong></span> <span class='ocrx_word' id='word_1_248' title='bbox 1510 3219 1585 3276; x_wconf 86' lang='lat' dir='ltr'><strong>satis</strong></span> <span class='ocrx_word' id='word_1_249' title='bbox 1604 3223 1652 3289; x_wconf 85' lang='lat' dir='ltr'><strong>apte</strong></span> 
     </span>
     <span class='ocr_line' id='line_1_26' title="bbox 342 3316 1653 3396; baseline -0.005 -16"><span class='ocrx_word' id='word_1_250' title='bbox 342 3319 550 3380; x_wconf 85' lang='lat' dir='ltr'><strong>conciliabitur</strong></span> <span class='ocrx_word' id='word_1_251' title='bbox 577 3337 644 3376; x_wconf 88' lang='lat' dir='ltr'><strong>curn</strong></span> <span class='ocrx_word' id='word_1_252' title='bbox 670 3317 812 3393; x_wconf 89' lang='lat' dir='ltr'><strong>praemiis</strong></span> <span class='ocrx_word' id='word_1_253' title='bbox 839 3316 1042 3393; x_wconf 89' lang='lat' dir='ltr'><strong>primipilatus</strong></span> <span class='ocrx_word' id='word_1_254' title='bbox 1075 3316 1195 3375; x_wconf 91' lang='lat' dir='ltr'><strong>omnino</strong></span> <span class='ocrx_word' id='word_1_255' title='bbox 1222 3317 1317 3392; x_wconf 89' lang='lat' dir='ltr'><strong>magis</strong></span> <span class='ocrx_word' id='word_1_256' title='bbox 1344 3317 1496 3390; x_wconf 91' lang='lat' dir='ltr'><strong>honorati;</strong></span> <span class='ocrx_word' id='word_1_257' title='bbox 1522 3333 1653 3396; x_wconf 81' lang='lat' dir='ltr'><strong>praeterea</strong></span> 
     </span>
     <span class='ocr_line' id='line_1_27' title="bbox 345 3419 1654 3500; baseline -0.005 -19"><span class='ocrx_word' id='word_1_258' title='bbox 345 3441 450 3500; x_wconf 88' lang='lat' dir='ltr'><strong>parum</strong></span> <span class='ocrx_word' id='word_1_259' title='bbox 473 3421 571 3498; x_wconf 89' lang='lat' dir='ltr'><strong>placet</strong></span> <span class='ocrx_word' id='word_1_260' title='bbox 598 3419 712 3496; x_wconf 88' lang='lat' dir='ltr'><strong>optima</strong></span> <span class='ocrx_word' id='word_1_261' title='bbox 734 3428 831 3476; x_wconf 88' lang='lat' dir='ltr'><strong>aetate</strong></span> <span class='ocrx_word' id='word_1_262' title='bbox 859 3437 925 3476; x_wconf 89' lang='lat' dir='ltr'><strong>eum</strong></span> <span class='ocrx_word' id='word_1_263' title='bbox 948 3419 1067 3496; x_wconf 86' lang='lat' dir='ltr'><strong>inipso</strong></span> <span class='ocrx_word' id='word_1_264' title='bbox 1092 3419 1198 3477; x_wconf 89' lang='lat' dir='ltr'><strong>militia</strong></span> <span class='ocrx_word' id='word_1_265' title='bbox 1223 3421 1418 3478; x_wconf 86' lang='lat' dir='ltr'><strong>trecenarium</strong></span> <span class='ocrx_word' id='word_1_266' title='bbox 1440 3421 1508 3492; x_wconf 88' lang='lat' dir='ltr'><strong>diei,</strong></span> <span class='ocrx_word' id='word_1_267' title='bbox 1537 3423 1583 3479; x_wconf 91' lang='lat' dir='ltr'><strong>cui</strong></span> <span class='ocrx_word' id='word_1_268' title='bbox 1603 3433 1654 3494; x_wconf 81' lang='lat' dir='ltr'><strong>post</strong></span> 
     </span>
     <span class='ocr_line' id='line_1_28' title="bbox 342 3520 1654 3598; baseline -0.008 -14"><span class='ocrx_word' id='word_1_269' title='bbox 342 3524 510 3584; x_wconf 83' lang='lat' dir='ltr'><strong>absolutam</strong></span> <span class='ocrx_word' id='word_1_270' title='bbox 542 3540 606 3580; x_wconf 89' lang='lat' dir='ltr'><strong>eam</strong></span> <span class='ocrx_word' id='word_1_271' title='bbox 635 3531 757 3579; x_wconf 89' lang='lat' dir='ltr'><strong>trecena</strong></span> <span class='ocrx_word' id='word_1_272' title='bbox 785 3520 934 3580; x_wconf 89' lang='lat' dir='ltr'><strong>destinata</strong></span> <span class='ocrx_word' id='word_1_273' title='bbox 967 3521 1035 3578; x_wconf 90' lang='lat' dir='ltr'><strong>sint.</strong></span> <span class='ocrx_word' id='word_1_274' title='bbox 1079 3521 1183 3596; x_wconf 89' lang='lat' dir='ltr'><strong>ltaque</strong></span> <span class='ocrx_word' id='word_1_275' title='bbox 1217 3529 1268 3579; x_wconf 88' lang='lat' dir='ltr'><strong>aut</strong></span> <span class='ocrx_word' id='word_1_276' title='bbox 1296 3523 1372 3580; x_wconf 88' lang='lat' dir='ltr'><strong>ratio</strong></span> <span class='ocrx_word' id='word_1_277' title='bbox 1402 3524 1549 3598; x_wconf 85' lang='lat' dir='ltr'><strong>quaedam</strong></span> <span class='ocrx_word' id='word_1_278' title='bbox 1575 3523 1654 3581; x_wconf 82' lang='lat' dir='ltr'><strong>subest</strong></span> 
     </span>
     <span class='ocr_line' id='line_1_29' title="bbox 343 3623 1680 3703; baseline -0.005 -18"><span class='ocrx_word' id='word_1_279' title='bbox 343 3627 430 3685; x_wconf 92' lang='lat' dir='ltr'><strong>uobis</strong></span> <span class='ocrx_word' id='word_1_280' title='bbox 458 3625 547 3703; x_wconf 91' lang='lat' dir='ltr'><strong>plane</strong></span> <span class='ocrx_word' id='word_1_281' title='bbox 573 3625 678 3702; x_wconf 91' lang='lat' dir='ltr'><strong>ignota</strong></span> <span class='ocrx_word' id='word_1_282' title='bbox 703 3623 834 3682; x_wconf 88' lang='lat' dir='ltr'><strong>fortasse</strong></span> <span class='ocrx_word' id='word_1_283' title='bbox 862 3641 928 3682; x_wconf 89' lang='lat' dir='ltr'><strong>cum</strong></span> <span class='ocrx_word' id='word_1_284' title='bbox 955 3641 1025 3680; x_wconf 89' lang='lat' dir='ltr'><strong>arca</strong></span> <span class='ocrx_word' id='word_1_285' title='bbox 1050 3624 1198 3682; x_wconf 89' lang='lat' dir='ltr'><strong>cohortali</strong></span> <span class='ocrx_word' id='word_1_286' title='bbox 1224 3624 1396 3695; x_wconf 83' lang='lat' dir='ltr'><strong>coniuncta,</strong></span> <span class='ocrx_word' id='word_1_287' title='bbox 1429 3634 1480 3684; x_wconf 92' lang='lat' dir='ltr'><strong>aut</strong></span> <span class='ocrx_word' id='word_1_288' title='bbox 1513 3644 1548 3684; x_wconf 91' lang='lat' dir='ltr'><strong>eo</strong></span> <span class='ocrx_word' id='word_1_289' title='bbox 1573 3623 1654 3682; x_wconf 82' lang='lat' dir='ltr'><strong>contu·</strong></span> <span class='ocrx_word' id='word_1_290' title='bbox 1679 3649 1680 3652; x_wconf 37' lang='lat'>¹</span> 
     </span>
     <span class='ocr_line' id='line_1_30' title="bbox 343 3725 1653 3807; baseline -0.004 -21"><span class='ocrx_word' id='word_1_291' title='bbox 343 3729 484 3807; x_wconf 89' lang='lat' dir='ltr'><strong>giendum</strong></span> <span class='ocrx_word' id='word_1_292' title='bbox 511 3735 564 3796; x_wconf 87' lang='lat' dir='ltr'><strong>est,</strong></span> <span class='ocrx_word' id='word_1_293' title='bbox 592 3725 672 3802; x_wconf 93' lang='lat' dir='ltr'><strong>quod</strong></span> <span class='ocrx_word' id='word_1_294' title='bbox 698 3733 859 3802; x_wconf 88' lang='lat' dir='ltr'><strong>potuerunt</strong></span> <span class='ocrx_word' id='word_1_295' title='bbox 886 3725 1015 3784; x_wconf 86' lang='lat' dir='ltr'><strong>fortasse</strong></span> <span class='ocrx_word' id='word_1_296' title='bbox 1041 3725 1062 3782; x_wconf 92' lang='lat' dir='ltr'><strong>ii</strong></span> <span class='ocrx_word' id='word_1_297' title='bbox 1089 3744 1210 3802; x_wconf 89' lang='lat' dir='ltr'><strong>quoquc</strong></span> <span class='ocrx_word' id='word_1_298' title='bbox 1236 3727 1391 3784; x_wconf 89' lang='lat' dir='ltr'><strong>trecenarii</strong></span> <span class='ocrx_word' id='word_1_299' title='bbox 1418 3735 1499 3786; x_wconf 91' lang='lat' dir='ltr'><strong>recte</strong></span> <span class='ocrx_word' id='word_1_300' title='bbox 1520 3725 1653 3804; x_wconf 83' lang='lat' dir='ltr'><strong>appellari.</strong></span> 
     </span>
     <span class='ocr_line' id='line_1_31' title="bbox 346 3825 1654 3908; baseline -0.008 -18"><span class='ocrx_word' id='word_1_301' title='bbox 346 3832 396 3908; x_wconf 89' lang='lat' dir='ltr'><strong>qui</strong></span> <span class='ocrx_word' id='word_1_302' title='bbox 420 3831 546 3889; x_wconf 88' lang='lat' dir='ltr'><strong>trecenis</strong></span> <span class='ocrx_word' id='word_1_303' title='bbox 569 3828 713 3887; x_wconf 88' lang='lat' dir='ltr'><strong>militibus</strong></span> <span class='ocrx_word' id='word_1_304' title='bbox 736 3834 920 3904; x_wconf 89' lang='lat' dir='ltr'><strong>praeessent.</strong></span> <span class='ocrx_word' id='word_1_305' title='bbox 961 3826 1039 3885; x_wconf 88' lang='lat' dir='ltr'><strong>Nam</strong></span> <span class='ocrx_word' id='word_1_306' title='bbox 1069 3827 1095 3886; x_wconf 93' lang='lat' dir='ltr'><strong>si</strong></span> <span class='ocrx_word' id='word_1_307' title='bbox 1118 3828 1214 3904; x_wconf 91' lang='lat' dir='ltr'><strong>primo</strong></span> <span class='ocrx_word' id='word_1_308' title='bbox 1233 3828 1295 3902; x_wconf 92' lang='lat' dir='ltr'><strong>pilo</strong></span> <span class='ocrx_word' id='word_1_309' title='bbox 1317 3829 1446 3906; x_wconf 87' lang='lat' dir='ltr'><strong>legionis</strong></span> <span class='ocrx_word' id='word_1_310' title='bbox 1469 3825 1654 3906; x_wconf 82' lang='lat' dir='ltr'><strong>quadringenti</strong></span> 
     </span>
     <span class='ocr_line' id='line_1_32' title="bbox 344 3928 1654 4008; baseline -0.008 -15"><span class='ocrx_word' id='word_1_311' title='bbox 344 3935 480 3993; x_wconf 90' lang='lat' dir='ltr'><strong>homines</strong></span> <span class='ocrx_word' id='word_1_312' title='bbox 503 3931 658 4008; x_wconf 85' lang='lat' dir='ltr'><strong>parebant,</strong></span> <span class='ocrx_word' id='word_1_313' title='bbox 686 3930 763 3988; x_wconf 90' lang='lat' dir='ltr'><strong>sicut</strong></span> <span class='ocrx_word' id='word_1_314' title='bbox 785 3947 878 4006; x_wconf 88' lang='lat' dir='ltr'><strong>supra</strong></span> <span class='ocrx_word' id='word_1_315' title='bbox 904 3949 933 4006; x_wconf 90' lang='lat' dir='ltr'><strong>p.</strong></span> <span class='ocrx_word' id='word_1_316' title='bbox 951 3928 1010 3986; x_wconf 77' lang='lat'><strong>228</strong></span> <span class='ocrx_word' id='word_1_317' title='bbox 1034 3929 1174 4002; x_wconf 82' lang='lat' dir='ltr'><strong>vidimus,</strong></span> <span class='ocrx_word' id='word_1_318' title='bbox 1201 3931 1272 3988; x_wconf 88' lang='lat' dir='ltr'><strong>item</strong></span> <span class='ocrx_word' id='word_1_319' title='bbox 1298 3931 1394 4007; x_wconf 88' lang='lat' dir='ltr'><strong>primo</strong></span> <span class='ocrx_word' id='word_1_320' title='bbox 1422 3933 1518 3990; x_wconf 88' lang='lat' dir='ltr'><strong>ordini</strong></span> <span class='ocrx_word' id='word_1_321' title='bbox 1545 3930 1654 3990; x_wconf 83' lang='lat' dir='ltr'><strong>cohortis</strong></span> 
     </span>
     <span class='ocr_line' id='line_1_33' title="bbox 344 4031 1655 4112; baseline -0.006 -17"><span class='ocrx_word' id='word_1_322' title='bbox 344 4035 476 4096; x_wconf 89' lang='lat' dir='ltr'><strong>cuiusvis</strong></span> <span class='ocrx_word' id='word_1_323' title='bbox 502 4034 669 4112; x_wconf 88' lang='lat' dir='ltr'><strong>praetoriae</strong></span> <span class='ocrx_word' id='word_1_324' title='bbox 697 4033 806 4090; x_wconf 89' lang='lat' dir='ltr'><strong>treceni</strong></span> <span class='ocrx_word' id='word_1_325' title='bbox 833 4033 898 4089; x_wconf 89' lang='lat' dir='ltr'><strong>dari</strong></span> <span class='ocrx_word' id='word_1_326' title='bbox 925 4041 1095 4108; x_wconf 91' lang='lat' dir='ltr'><strong>potuerunt.</strong></span> <span class='ocrx_word' id='word_1_327' title='bbox 1114 4063 1150 4074; x_wconf 89' lang='lat'><strong>--</strong></span> <span class='ocrx_word' id='word_1_328' title='bbox 1172 4031 1318 4091; x_wconf 86' lang='lat' dir='ltr'><strong>Formula</strong></span> <span class='ocrx_word' id='word_1_329' title='bbox 1343 4042 1443 4092; x_wconf 89' lang='lat' dir='ltr'><strong>autem</strong></span> <span class='ocrx_word' id='word_1_330' title='bbox 1466 4053 1499 4092; x_wconf 78' lang='lat' dir='ltr'><strong>eu</strong></span> <span class='ocrx_word' id='word_1_331' title='bbox 1524 4034 1655 4094; x_wconf 80' lang='lat' dir='ltr'><strong>trecenario</strong></span> 
     </span>
     <span class='ocr_line' id='line_1_34' title="bbox 344 4135 1655 4212; baseline -0.006 -16"><span class='ocrx_word' id='word_1_332' title='bbox 344 4139 475 4196; x_wconf 85' lang='lat' dir='ltr'><strong>fortasse</strong></span> <span class='ocrx_word' id='word_1_333' title='bbox 500 4136 568 4194; x_wconf 91' lang='lat' dir='ltr'><strong>ideo</strong></span> <span class='ocrx_word' id='word_1_334' title='bbox 594 4143 715 4212; x_wconf 88' lang='lat' dir='ltr'><strong>recepta</strong></span> <span class='ocrx_word' id='word_1_335' title='bbox 746 4143 808 4204; x_wconf 90' lang='lat' dir='ltr'><strong>est,</strong></span> <span class='ocrx_word' id='word_1_336' title='bbox 842 4135 922 4210; x_wconf 90' lang='lat' dir='ltr'><strong>quod</strong></span> <span class='ocrx_word' id='word_1_337' title='bbox 955 4135 1169 4193; x_wconf 88' lang='lat' dir='ltr'><strong>trecenariatus</strong></span> <span class='ocrx_word' id='word_1_338' title='bbox 1202 4137 1359 4194; x_wconf 83' lang='lat' dir='ltr'><strong>universae</strong></span> <span class='ocrx_word' id='word_1_339' title='bbox 1392 4137 1516 4195; x_wconf 89' lang='lat' dir='ltr'><strong>militiae</strong></span> <span class='ocrx_word' id='word_1_340' title='bbox 1548 4137 1655 4194; x_wconf 82' lang='lat' dir='ltr'><strong>urbanae</strong></span> 
     </span>
     <span class='ocr_line' id='line_1_35' title="bbox 347 4233 1655 4317; baseline -0.008 -18"><span class='ocrx_word' id='word_1_341' title='bbox 347 4255 481 4300; x_wconf 88' lang='lat' dir='ltr'><strong>summus</strong></span> <span class='ocrx_word' id='word_1_342' title='bbox 503 4239 614 4317; x_wconf 90' lang='lat' dir='ltr'><strong>gradus</strong></span> <span class='ocrx_word' id='word_1_343' title='bbox 635 4237 700 4308; x_wconf 87' lang='lat' dir='ltr'><strong>fuit,</strong></span> <span class='ocrx_word' id='word_1_344' title='bbox 728 4237 860 4296; x_wconf 85' lang='lat' dir='ltr'><strong>maxime</strong></span> <span class='ocrx_word' id='word_1_345' title='bbox 883 4239 908 4296; x_wconf 91' lang='lat' dir='ltr'><strong>si</strong></span> <span class='ocrx_word' id='word_1_346' title='bbox 937 4247 1017 4295; x_wconf 89' lang='lat' dir='ltr'><strong>recte</strong></span> <span class='ocrx_word' id='word_1_347' title='bbox 1040 4238 1197 4296; x_wconf 89' lang='lat' dir='ltr'><strong>statuimus</strong></span> <span class='ocrx_word' id='word_1_348' title='bbox 1220 4237 1347 4312; x_wconf 90' lang='lat' dir='ltr'><strong>primum</strong></span> <span class='ocrx_word' id='word_1_349' title='bbox 1376 4238 1510 4298; x_wconf 89' lang='lat' dir='ltr'><strong>ordinem</strong></span> <span class='ocrx_word' id='word_1_350' title='bbox 1537 4233 1655 4314; x_wconf 89' lang='lat' dir='ltr'><strong>praetorii</strong></span> 
     </span>
     <span class='ocr_line' id='line_1_36' title="bbox 346 4339 1655 4417; baseline -0.005 -16"><span class='ocrx_word' id='word_1_351' title='bbox 346 4343 479 4401; x_wconf 88' lang='lat' dir='ltr'><strong>universi</strong></span> <span class='ocrx_word' id='word_1_352' title='bbox 511 4353 625 4399; x_wconf 89' lang='lat' dir='ltr'><strong>mature</strong></span> <span class='ocrx_word' id='word_1_353' title='bbox 658 4340 802 4398; x_wconf 89' lang='lat' dir='ltr'><strong>abolitum</strong></span> <span class='ocrx_word' id='word_1_354' title='bbox 834 4357 910 4397; x_wconf 86' lang='lat' dir='ltr'><strong>esse.</strong></span> <span class='ocrx_word' id='word_1_355' title='bbox 955 4339 1062 4415; x_wconf 88' lang='lat' dir='ltr'><strong>Itaque</strong></span> <span class='ocrx_word' id='word_1_356' title='bbox 1089 4339 1253 4397; x_wconf 86' lang='lat' dir='ltr'><strong>trecenario</strong></span> <span class='ocrx_word' id='word_1_357' title='bbox 1283 4341 1426 4415; x_wconf 87' lang='lat' dir='ltr'><strong>praetorii</strong></span> <span class='ocrx_word' id='word_1_358' title='bbox 1453 4343 1562 4417; x_wconf 84' lang='lat' dir='ltr'><strong>pariter</strong></span> <span class='ocrx_word' id='word_1_359' title='bbox 1586 4347 1655 4412; x_wconf 82' lang='lat' dir='ltr'><strong>atquc</strong></span> 
     </span>
     <span class='ocr_line' id='line_1_37' title="bbox 346 4440 1655 4521; baseline -0.005 -18"><span class='ocrx_word' id='word_1_360' title='bbox 346 4444 507 4521; x_wconf 88' lang='lat' dir='ltr'><strong>primopilo</strong></span> <span class='ocrx_word' id='word_1_361' title='bbox 533 4443 661 4520; x_wconf 82' lang='lat' dir='ltr'><strong>legionis</strong></span> <span class='ocrx_word' id='word_1_362' title='bbox 684 4442 742 4500; x_wconf 89' lang='lat' dir='ltr'><strong>iam</strong></span> <span class='ocrx_word' id='word_1_363' title='bbox 765 4442 794 4498; x_wconf 90' lang='lat' dir='ltr'><strong>in</strong></span> <span class='ocrx_word' id='word_1_364' title='bbox 818 4459 871 4500; x_wconf 86' lang='lat' dir='ltr'><strong>sua</strong></span> <span class='ocrx_word' id='word_1_365' title='bbox 891 4440 1000 4500; x_wconf 89' lang='lat' dir='ltr'><strong>militia</strong></span> <span class='ocrx_word' id='word_1_366' title='bbox 1021 4459 1181 4516; x_wconf 90' lang='lat' dir='ltr'><strong>processus</strong></span> <span class='ocrx_word' id='word_1_367' title='bbox 1204 4441 1303 4500; x_wconf 92' lang='lat' dir='ltr'><strong>nullus</strong></span> <span class='ocrx_word' id='word_1_368' title='bbox 1327 4452 1484 4519; x_wconf 89' lang='lat' dir='ltr'><strong>supererat</strong></span> <span class='ocrx_word' id='word_1_369' title='bbox 1506 4453 1534 4502; x_wconf 88' lang='lat' dir='ltr'><strong>ot</strong></span> <span class='ocrx_word' id='word_1_370' title='bbox 1555 4453 1583 4500; x_wconf 87' lang='lat' dir='ltr'><strong>ut</strong></span> <span class='ocrx_word' id='word_1_371' title='bbox 1602 4457 1655 4516; x_wconf 91' lang='lat' dir='ltr'><strong>pro·</strong></span> 
     </span>
     <span class='ocr_line' id='line_1_38' title="bbox 346 4543 1654 4620; baseline -0.005 -14"><span class='ocrx_word' id='word_1_372' title='bbox 346 4555 516 4606; x_wconf 86' lang='lat' dir='ltr'><strong>moveretur</strong></span> <span class='ocrx_word' id='word_1_373' title='bbox 538 4545 751 4605; x_wconf 89' lang='lat' dir='ltr'><strong>transeundum</strong></span> <span class='ocrx_word' id='word_1_374' title='bbox 779 4545 804 4601; x_wconf 92' lang='lat' dir='ltr'><strong>ei</strong></span> <span class='ocrx_word' id='word_1_375' title='bbox 832 4553 897 4602; x_wconf 89' lang='lat' dir='ltr'><strong>erat</strong></span> <span class='ocrx_word' id='word_1_376' title='bbox 921 4544 958 4601; x_wconf 89' lang='lat' dir='ltr'><strong>ad</strong></span> <span class='ocrx_word' id='word_1_377' title='bbox 984 4543 1107 4600; x_wconf 88' lang='lat' dir='ltr'><strong>militiae</strong></span> <span class='ocrx_word' id='word_1_378' title='bbox 1134 4562 1228 4620; x_wconf 89' lang='lat' dir='ltr'><strong>genus</strong></span> <span class='ocrx_word' id='word_1_379' title='bbox 1256 4544 1416 4616; x_wconf 86' lang='lat' dir='ltr'><strong>divorsum,</strong></span> <span class='ocrx_word' id='word_1_380' title='bbox 1447 4547 1559 4605; x_wconf 89' lang='lat' dir='ltr'><strong>scilieet</strong></span> <span class='ocrx_word' id='word_1_381' title='bbox 1583 4543 1654 4617; x_wconf 79' lang='lat' dir='ltr'><strong>legio</strong></span> 
     </span>
     <span class='ocr_line' id='line_1_39' title="bbox 345 4644 1655 4725; baseline -0.008 -17"><span class='ocrx_word' id='word_1_382' title='bbox 345 4649 510 4725; x_wconf 87' lang='lat' dir='ltr'><strong>narium¹).</strong></span> <span class='ocrx_word' id='word_1_383' title='bbox 557 4645 636 4708; x_wconf 88' lang='lat' dir='ltr'><strong>Sane</strong></span> <span class='ocrx_word' id='word_1_384' title='bbox 668 4653 810 4724; x_wconf 89' lang='lat' dir='ltr'><strong>quattuor</strong></span> <span class='ocrx_word' id='word_1_385' title='bbox 841 4646 892 4722; x_wconf 93' lang='lat' dir='ltr'><strong>qui</strong></span> <span class='ocrx_word' id='word_1_386' title='bbox 925 4646 1083 4704; x_wconf 84' lang='lat' dir='ltr'><strong>formulam</strong></span> <span class='ocrx_word' id='word_1_387' title='bbox 1115 4645 1198 4704; x_wconf 88' lang='lat' dir='ltr'><strong>illam</strong></span> <span class='ocrx_word' id='word_1_388' title='bbox 1227 4647 1370 4706; x_wconf 87' lang='lat' dir='ltr'><strong>exhibent</strong></span> <span class='ocrx_word' id='word_1_389' title='bbox 1397 4649 1475 4706; x_wconf 90' lang='lat' dir='ltr'><strong>tituli</strong></span> <span class='ocrx_word' id='word_1_390' title='bbox 1506 4665 1601 4707; x_wconf 86' lang='lat' dir='ltr'><strong>omnes</strong></span> <span class='ocrx_word' id='word_1_391' title='bbox 1624 4644 1655 4700; x_wconf 83' lang='lat' dir='ltr'><strong>ita</strong></span> 
     </span>
    </p>
   </div>
   <div class='ocr_carea' id='block_1_3' title="bbox 348 4829 1653 5455">
    <p class='ocr_par' dir='ltr' id='par_1_3' title="bbox 348 4829 1653 5455">
     <span class='ocr_line' id='line_1_40' title="bbox 427 4829 1653 4899; baseline -0.011 -12"><span class='ocrx_word' id='word_1_392' title='bbox 427 4833 450 4896; x_wconf 92' lang='lat'><strong>¹)</strong></span> <span class='ocrx_word' id='word_1_393' title='bbox 470 4835 596 4887; x_wconf 89' lang='lat' dir='ltr'><strong>Similiter</strong></span> <span class='ocrx_word' id='word_1_394' title='bbox 615 4837 731 4886; x_wconf 88' lang='lat' dir='ltr'><strong>centurio</strong></span> <span class='ocrx_word' id='word_1_395' title='bbox 751 4835 906 4899; x_wconf 88' lang='lat' dir='ltr'><strong>legionarius</strong></span> <span class='ocrx_word' id='word_1_396' title='bbox 926 4849 951 4884; x_wconf 92' lang='lat' dir='ltr'><strong>n.</strong></span> <span class='ocrx_word' id='word_1_397' title='bbox 966 4836 1002 4884; x_wconf 82' lang='lat'><strong>40</strong></span> <span class='ocrx_word' id='word_1_398' title='bbox 1027 4849 1084 4884; x_wconf 88' lang='lat' dir='ltr'><strong>cum</strong></span> <span class='ocrx_word' id='word_1_399' title='bbox 1109 4841 1168 4898; x_wconf 86' lang='lat' dir='ltr'><strong>post</strong></span> <span class='ocrx_word' id='word_1_400' title='bbox 1192 4836 1383 4886; x_wconf 86' lang='lat' dir='ltr'><strong>centurionatus</strong></span> <span class='ocrx_word' id='word_1_401' title='bbox 1407 4837 1531 4887; x_wconf 80' lang='lat' dir='ltr'><strong>adscribit</strong></span> <span class='ocrx_word' id='word_1_402' title='bbox 1548 4853 1576 4886; x_wconf 83' lang='lat' dir='ltr'><strong>aa</strong></span> <span class='ocrx_word' id='word_1_403' title='bbox 1591 4829 1653 4882; x_wconf 80' lang='lat' dir='ltr'><strong>corai-</strong></span> 
     </span>
     <span class='ocr_line' id='line_1_41' title="bbox 350 4923 1652 4994; baseline -0.01 -14"><span class='ocrx_word' id='word_1_404' title='bbox 350 4927 470 4989; x_wconf 78' lang='lat' dir='ltr'><strong>culor(t&#39;o)</strong></span> <span class='ocrx_word' id='word_1_405' title='bbox 489 4927 698 4994; x_wconf 59' lang='lat' dir='ltr'><strong>praestatorum)</strong></span> <span class='ocrx_word' id='word_1_406' title='bbox 718 4927 883 4994; x_wconf 78' lang='lat' dir='ltr'><strong>pr(oetorio)‚</strong></span> <span class='ocrx_word' id='word_1_407' title='bbox 905 4927 953 4976; x_wconf 91' lang='lat' dir='ltr'><strong>hoc</strong></span> <span class='ocrx_word' id='word_1_408' title='bbox 972 4928 1100 4992; x_wconf 77' lang='lat' dir='ltr'><strong>significat</strong></span> <span class='ocrx_word' id='word_1_409' title='bbox 1118 4935 1177 4977; x_wconf 90' lang='lat' dir='ltr'><strong>ante</strong></span> <span class='ocrx_word' id='word_1_410' title='bbox 1196 4929 1323 4992; x_wconf 88' lang='lat' dir='ltr'><strong>stipendia</strong></span> <span class='ocrx_word' id='word_1_411' title='bbox 1342 4931 1518 4980; x_wconf 86' lang='lat' dir='ltr'><strong>centurionica</strong></span> <span class='ocrx_word' id='word_1_412' title='bbox 1535 4923 1652 4994; x_wconf 72' lang='lat' dir='ltr'><strong>gregalibus</strong></span> 
     </span>
     <span class='ocr_line' id='line_1_42' title="bbox 350 5020 1651 5088; baseline -0.011 -16"><span class='ocrx_word' id='word_1_413' title='bbox 350 5037 376 5072; x_wconf 87' lang='lat' dir='ltr'><strong>se</strong></span> <span class='ocrx_word' id='word_1_414' title='bbox 397 5023 433 5070; x_wconf 92' lang='lat' dir='ltr'><strong>ita</strong></span> <span class='ocrx_word' id='word_1_415' title='bbox 451 5022 566 5070; x_wconf 83' lang='lat' dir='ltr'><strong>iunctum</strong></span> <span class='ocrx_word' id='word_1_416' title='bbox 588 5037 650 5082; x_wconf 87' lang='lat' dir='ltr'><strong>esse,</strong></span> <span class='ocrx_word' id='word_1_417' title='bbox 671 5029 698 5069; x_wconf 92' lang='lat' dir='ltr'><strong>ut</strong></span> <span class='ocrx_word' id='word_1_418' title='bbox 718 5021 750 5069; x_wconf 88' lang='lat' dir='ltr'><strong>ad</strong></span> <span class='ocrx_word' id='word_1_419' title='bbox 771 5033 883 5069; x_wconf 90' lang='lat' dir='ltr'><strong>summos</strong></span> <span class='ocrx_word' id='word_1_420' title='bbox 904 5020 957 5068; x_wconf 85' lang='lat' dir='ltr'><strong>eius</strong></span> <span class='ocrx_word' id='word_1_421' title='bbox 976 5020 1083 5068; x_wconf 89' lang='lat' dir='ltr'><strong>militiae</strong></span> <span class='ocrx_word' id='word_1_422' title='bbox 1103 5020 1198 5083; x_wconf 86' lang='lat' dir='ltr'><strong>gradus</strong></span> <span class='ocrx_word' id='word_1_423' title='bbox 1217 5021 1369 5084; x_wconf 87' lang='lat' dir='ltr'><strong>perveniret,</strong></span> <span class='ocrx_word' id='word_1_424' title='bbox 1396 5023 1464 5071; x_wconf 89' lang='lat' dir='ltr'><strong>inter</strong></span> <span class='ocrx_word' id='word_1_425' title='bbox 1484 5039 1546 5088; x_wconf 90' lang='lat' dir='ltr'><strong>quos</strong></span> <span class='ocrx_word' id='word_1_426' title='bbox 1564 5027 1595 5068; x_wconf 86' lang='lat' dir='ltr'><strong>est</strong></span> <span class='ocrx_word' id='word_1_427' title='bbox 1610 5029 1651 5062; x_wconf 85' lang='lat' dir='ltr'><strong>ror-</strong></span> 
     </span>
     <span class='ocr_line' id='line_1_43' title="bbox 351 5109 1650 5177; baseline -0.007 -13"><span class='ocrx_word' id='word_1_428' title='bbox 351 5113 525 5164; x_wconf 89' lang='lat' dir='ltr'><strong>uiculariatus.</strong></span> <span class='ocrx_word' id='word_1_429' title='bbox 565 5113 684 5162; x_wconf 80' lang='lat' dir='ltr'><strong>conferri</strong></span> <span class='ocrx_word' id='word_1_430' title='bbox 709 5113 803 5176; x_wconf 90' lang='lat' dir='ltr'><strong>poterit</strong></span> <span class='ocrx_word' id='word_1_431' title='bbox 826 5112 886 5159; x_wconf 88' lang='lat' dir='ltr'><strong>item</strong></span> <span class='ocrx_word' id='word_1_432' title='bbox 912 5113 999 5160; x_wconf 88' lang='lat' dir='ltr'><strong>titulus</strong></span> <span class='ocrx_word' id='word_1_433' title='bbox 1024 5113 1159 5161; x_wconf 81' lang='lat' dir='ltr'><strong>Firmanus</strong></span> <span class='ocrx_word' id='word_1_434' title='bbox 1180 5111 1269 5173; x_wconf 90' lang='lat' dir='ltr'><strong>(Orell.</strong></span> <span class='ocrx_word' id='word_1_435' title='bbox 1291 5111 1372 5173; x_wconf 80' lang='lat'>3157)</span> <span class='ocrx_word' id='word_1_436' title='bbox 1398 5114 1530 5164; x_wconf 86' lang='lat' dir='ltr'><strong>dedicatus</strong></span> <span class='ocrx_word' id='word_1_437' title='bbox 1549 5109 1650 5177; x_wconf 78' lang='lat' dir='ltr'><strong>praelecto</strong></span> 
     </span>
     <span class='ocr_line' id='line_1_44' title="bbox 348 5202 1649 5272; baseline -0.003 -18"><span class='ocrx_word' id='word_1_438' title='bbox 348 5207 478 5270; x_wconf 90' lang='lat' dir='ltr'><strong>praetorio</strong></span> <span class='ocrx_word' id='word_1_439' title='bbox 499 5205 599 5254; x_wconf 86' lang='lat' dir='ltr'><strong>cuidam</strong></span> <span class='ocrx_word' id='word_1_440' title='bbox 620 5220 636 5254; x_wconf 89' lang='lat' dir='ltr'><strong>a</strong></span> <span class='ocrx_word' id='word_1_441' title='bbox 655 5204 808 5270; x_wconf 85' lang='lat' dir='ltr'><strong>primipilari</strong></span> <span class='ocrx_word' id='word_1_442' title='bbox 828 5219 857 5253; x_wconf 78' lang='lat' dir='ltr'><strong>ea</strong></span> <span class='ocrx_word' id='word_1_443' title='bbox 877 5203 1048 5253; x_wconf 80' lang='lat' dir='ltr'><strong>cornicatur-io</strong></span> <span class='ocrx_word' id='word_1_444' title='bbox 1068 5205 1157 5270; x_wconf 77' lang='lat' dir='ltr'><strong>aprina.</strong></span> <span class='ocrx_word' id='word_1_445' title='bbox 1196 5204 1314 5269; x_wconf 90' lang='lat' dir='ltr'><strong>Denique</strong></span> <span class='ocrx_word' id='word_1_446' title='bbox 1339 5206 1429 5255; x_wconf 89' lang='lat' dir='ltr'><strong>unicus</strong></span> <span class='ocrx_word' id='word_1_447' title='bbox 1449 5209 1493 5272; x_wconf 90' lang='lat' dir='ltr'><strong>qui</strong></span> <span class='ocrx_word' id='word_1_448' title='bbox 1518 5202 1612 5256; x_wconf 75' lang='lat' dir='ltr'><strong>innotuit</strong></span> <span class='ocrx_word' id='word_1_449' title='bbox 1628 5210 1649 5243; x_wconf 55' lang='grc' dir='ltr'><strong>εἰ</strong></span> 
     </span>
     <span class='ocr_line' id='line_1_45' title="bbox 349 5296 1647 5362; baseline -0.002 -16"><span class='ocrx_word' id='word_1_450' title='bbox 349 5297 483 5348; x_wconf 78' lang='lat' dir='ltr'><strong>classiario</strong></span> <span class='ocrx_word' id='word_1_451' title='bbox 506 5297 598 5348; x_wconf 85' lang='lat' dir='ltr'><strong>militia</strong></span> <span class='ocrx_word' id='word_1_452' title='bbox 621 5297 654 5347; x_wconf 88' lang='lat' dir='ltr'><strong>ad</strong></span> <span class='ocrx_word' id='word_1_453' title='bbox 684 5297 867 5362; x_wconf 85' lang='lat' dir='ltr'><strong>primipilatum</strong></span> <span class='ocrx_word' id='word_1_454' title='bbox 886 5304 1018 5360; x_wconf 88' lang='lat' dir='ltr'><strong>promotus</strong></span> <span class='ocrx_word' id='word_1_455' title='bbox 1038 5297 1154 5357; x_wconf 85' lang='lat' dir='ltr'><strong>(lleuzen</strong></span> <span class='ocrx_word' id='word_1_456' title='bbox 1174 5296 1244 5346; x_wconf 80' lang='lat'>6875</span> <span class='ocrx_word' id='word_1_457' title='bbox 1261 5317 1293 5336; x_wconf 95' lang='lat'><strong><em>=</em></strong></span> <span class='ocrx_word' id='word_1_458' title='bbox 1310 5297 1400 5347; x_wconf 80' lang='lat' dir='ltr'><strong>rolX</strong></span> <span class='ocrx_word' id='word_1_459' title='bbox 1424 5315 1449 5348; x_wconf 91' lang='lat' dir='ltr'><strong>rr.</strong></span> <span class='ocrx_word' id='word_1_460' title='bbox 1466 5298 1544 5359; x_wconf 75' lang='lat'><strong>3348)</strong></span> <span class='ocrx_word' id='word_1_461' title='bbox 1562 5297 1591 5344; x_wconf 76' lang='lat' dir='ltr'><strong>ait</strong></span> <span class='ocrx_word' id='word_1_462' title='bbox 1607 5303 1647 5336; x_wconf 74' lang='lat' dir='ltr'><strong>tum</strong></span> 
     </span>
     <span class='ocr_line' id='line_1_46' title="bbox 350 5385 1647 5455; baseline -0.009 -17"><span class='ocrx_word' id='word_1_463' title='bbox 350 5403 377 5439; x_wconf 92' lang='lat' dir='ltr'><strong>se</strong></span> <span class='ocrx_word' id='word_1_464' title='bbox 396 5389 517 5453; x_wconf 85' lang='lat' dir='ltr'><strong>adeptum</strong></span> <span class='ocrx_word' id='word_1_465' title='bbox 537 5405 591 5439; x_wconf 84' lang='lat' dir='ltr'><strong>esse</strong></span> <span class='ocrx_word' id='word_1_466' title='bbox 610 5405 640 5439; x_wconf 78' lang='lat' dir='ltr'><strong>ec</strong></span> <span class='ocrx_word' id='word_1_467' title='bbox 659 5387 808 5452; x_wconf 80' lang='lat' dir='ltr'><strong>u(ar·urclo)</strong></span> <span class='ocrx_word' id='word_1_468' title='bbox 824 5387 964 5455; x_wconf 80' lang='lat' dir='ltr'><strong>prioc(ipe)</strong></span> <span class='ocrx_word' id='word_1_469' title='bbox 980 5387 1101 5450; x_wconf 81' lang='lat' dir='ltr'><strong>cl(aaaia),</strong></span> <span class='ocrx_word' id='word_1_470' title='bbox 1120 5389 1157 5438; x_wconf 83' lang='lat' dir='ltr'><strong>ita</strong></span> <span class='ocrx_word' id='word_1_471' title='bbox 1175 5389 1244 5438; x_wconf 89' lang='lat' dir='ltr'><strong>enim</strong></span> <span class='ocrx_word' id='word_1_472' title='bbox 1264 5389 1314 5438; x_wconf 86' lang='lat' dir='ltr'><strong>iam</strong></span> <span class='ocrx_word' id='word_1_473' title='bbox 1335 5389 1420 5440; x_wconf 88' lang='lat' dir='ltr'><strong>iudico</strong></span> <span class='ocrx_word' id='word_1_474' title='bbox 1441 5397 1514 5441; x_wconf 83' lang='lat' dir='ltr'><strong>notas</strong></span> <span class='ocrx_word' id='word_1_475' title='bbox 1532 5385 1573 5440; x_wconf 81' lang='lat' dir='ltr'><strong>has</strong></span> <span class='ocrx_word' id='word_1_476' title='bbox 1591 5387 1647 5434; x_wconf 78' lang='lat' dir='ltr'><strong>biter-</strong></span> 
     </span>
    </p>
   </div>
   <div class='ocr_carea' id='block_1_4' title="bbox 0 0 1720 5976">
    <p class='ocr_par' dir='ltr' id='par_1_4' title="bbox 0 0 1720 5976">
     <span class='ocr_line' id='line_1_47' title="bbox 0 0 1720 5976; baseline 0 0"><span class='ocrx_word' id='word_1_477' title='bbox 0 0 1720 5976; x_wconf 95' lang='lat' dir='ltr'><strong> </strong></span> 
     </span>
    </p>
   </div>
  </div>
 </body>
</html>
