3394 5976
357 597 656 651 oasanvurronns
683 595 967 649 arranuraroaa.
1262 573 1335 648 225

42 777 95 831 siun
115 776 217 850 opp.4,
235 775 302 832 133.
328 807 365 816 -
389 774 522 832 Fuerunt
548 773 639 849 igitur
662 773 691 830 in
714 771 870 850 provincia
884 769 1036 848 Hispania
1058 769 1196 828 citeriore
1219 770 1336 828 dioece-

43 895 72 933 ses
93 887 160 934 certe
186 875 269 948 duae,
299 875 534 934 Tarraconensis
565 876 674 948 altera,
703 875 799 932 altera
827 874 955 932 Asturia
980 881 1010 930 et
1038 870 1200 944 Callaecia,
1228 873 1336 948 quibus

43 977 133 1054 nugulis
162 977 248 1055 legati
282 980 410 1056 Augusti
443 979 652 1056 praefuerunt,
691 977 848 1035 universae
881 983 980 1034 autem
1013 975 1185 1050 provinciae
1218 975 1336 1051 legatus

42 1081 138 1154 Augusti
165 1099 216 1156 pro
244 1089 393 1157 praetore.
438 1081 478 1140 Et
504 1081 549 1138 illi
576 1079 695 1156 quidem
723 1089 802 1151 sunt,
832 1079 882 1156 qui
911 1077 1077 1156 posteriore
1100 1085 1197 1136 aetate
1219 1077 1336 1136 iuridici

43 1182 151 1257 appellari
181 1184 276 1259 coepti
313 1191 391 1256 sunt,
423 1202 490 1241 cum
523 1203 555 1241 re
590 1201 707 1258 semper
739 1183 765 1239 ei
798 1181 897 1239 officio
922 1180 1112 1257 potissimum
1135 1180 1335 1238 vacavissent.

41 1282 196 1358 Nequaquam
226 1285 320 1360 igitur
341 1305 442 1344 rerum
470 1285 617 1360 estquod
639 1285 697 1343 viri
723 1285 802 1342 docti
829 1304 925 1362 nuper
951 1283 1146 1341 defenderunt
1168 1281 1340 1357 (Benudorf

43 1398 59 1440 u
73 1383 222 1444 Hirschfeld
245 1388 327 1444 areli.
346 1387 617 1464 epipr.1llittlr.aas
636 1387 809 1446 Oeaterreicle
835 1387 848 1443 1
874 1405 902 1462 p.
923 1385 994 1460 ltu)
1018 1385 1160 1444 iuridicos
1182 1386 1336 1442 institutos

43 1504 85 1542 ase
111 1488 142 1544 ab
165 1487 332 1548 Hadriano.
376 1490 473 1547 Immo
508 1491 533 1548 si
566 1509 625 1547 nou
660 1490 795 1560 nornine,
828 1498 905 1546 certe
933 1507 964 1545 re
990 1506 1042 1546 eos
1064 1497 1181 1546 creatos
1207 1505 1273 1546 esse
1299 1488 1337 1545 ab

43 1587 84 1662 ipso
106 1591 234 1667 Augusto
261 1591 352 1668 plane
381 1591 575 1650 confirmatur
605 1611 640 1647 eo
669 1591 750 1666 quod
780 1592 823 1648 ait
850 1588 958 1650 Strabo
987 1591 1015 1662 3,
1038 1589 1067 1662 4,
1088 1587 1128 1646 20
1157 1589 1336 1666 Hispaniam

42 1691 167 1749 citeriorem
207 1712 314 1768 parere
354 1693 453 1771 legato
493 1693 658 1764 consulari,
704 1695 759 1751 sub
800 1713 835 1750 eo
875 1701 974 1751 autem
1014 1710 1081 1752 esse
1120 1693 1235 1770 legatos
1275 1701 1336 1750 tres

43 1791 132 1858 (scilicet
151 1813 207 1853 non
230 1797 340 1872 ipsius,
364 1796 417 1853 sed
439 1803 468 1852 et
490 1797 574 1872 ipsos
596 1797 754 1872 Augusti),
777 1783 815 1852 aiu
837 1789 851 1852 ὁ
873 1782 921 1866 μὲν
943 1785 994 1852 δύο
1017 1786 1097 1874 ἔχων
1118 1785 1259 1872 τάγματα
1281 1817 1337 1852 πα-

43 1897 154 1976 puppe-apsi
175 1890 224 1966 τὴν
251 1887 340 1980 rra'pnv
366 1899 417 1954 τοῦ
438 1889 554 1984 Auspice
577 1899 679 1954 ττοῗοοιν
704 1887 749 1955 iel
771 1893 825 1960 acle
846 1884 968 1980 ἄρκτους
988 1885 1021 1968 ἣν
1037 1937 1044 1953 .
1062 1939 1069 1954 .
1084 1891 1268 1958 Καὶλαῗκοῦς
1292 1886 1338 1954 λε’-

48 2019 121 2068 ’partu'
148 1989 283 2057 ruva'nrat
312 1987 342 2056 dd
372 1991 481 2058 redacta
509 1993 546 2056 rei
576 1991 752 2082 προσάρκτια
781 1987 826 2081 dpr,
856 1993 927 2068 μετὰ
957 2001 1008 2056 τῶν
1034 1989 1181 2082 Ἀστῦρων
1210 1990 1257 2056 uni
1283 1999 1336 2056 τῶν

50 2089 182 2182 Karrisspan
199 2144 206 2157 .
224 2146 230 2158 .
248 2143 254 2156 .
271 2097 323 2172 τήν
346 2095 373 2157 δ’
397 2098 466 2182 ἑξῆς
487 2093 629 2185 παρᾶρειον
655 2093 740 2182 μέχρι
766 2093 894 2184 Πυρήνης
920 2096 934 2158 d
959 2093 1087 2183 δεύτερος
1113 2105 1165 2160 τῶν
1192 2092 1338 2186 πρετβευ-

48 2198 80 2252 riu
102 2196 161 2258 asad
187 2204 239 2260 τοῦ
265 2194 356 2287 {ripae
383 2195 547 2281 triplicatae·
572 2202 719 2262 ἐπισκοπεῖ
743 2192 774 2260 dd
800 2199 813 2260 d
839 2195 928 2285 τρίτος
954 2197 1004 2272 τὴν
1030 2193 1197 2282 μετοΙγαιαν,
1219 2193 1338 2284 συνέχει

45 2287 102 2356 lini
119 2305 168 2362 ruia
189 2295 326 2382 roycc'rwu
354 2295 409 2376 ἤδη
432 2297 588 2384 λεγομένων
615 2301 651 2365 cic
678 2295 715 2362 civ
736 2303 886 2389 eipuvraruiu
908 2295 956 2362 nal
978 2305 1016 2368 εἷς
1038 2299 1069 2364 το
1091 2298 1190 2386 ἥμερον
1216 2297 1263 2364 aral
1289 2298 1338 2363 adv

43 2397 143 2461 ’lacinio
170 2397 257 2466 adanu
279 2398 483 2478 μετακειμὲνων
504 2407 533 2464 ἒν
554 2409 591 2486 τῇ
612 2400 762 2486 τεβεννοκῇ
782 2403 897 2480 ἐσθῆτι.
944 2407 1061 2468 Horum
1088 2410 1252 2485 legatorum
1279 2408 1338 2484 prl-

44 2523 88 2561 nus
109 2517 147 2566 est
170 2509 195 2568 is
222 2513 276 2588 qui
303 2511 411 2570 dicitur
433 2511 575 2569 Asteriae
598 2520 628 2570 et
650 2509 832 2583 Callaeciae,
859 2511 965 2570 tertius
987 2512 1039 2587 qui
1067 2521 1189 2588 praeest
1208 2511 1339 2570 dioecesi

46 2605 237 2684 Tarraconensi3
262 2614 413 2672 secundus
435 2615 465 2671 iu
488 2613 583 2671 titulis
603 2614 702 2672 adhuc
721 2621 860 2692 repertus
880 2622 1009 2687 nonest,
1032 2633 1087 2672 nec
1109 2623 1187 2673 recte
1210 2613 1249 2672 ad
1269 2633 1338 2672 eum

46 2711 191 2783 purissimum
218 2717 380 2775 trahuntur
407 2717 429 2774 ii
455 2717 544 2788 tituli,
572 2717 624 2792 qui
650 2717 805 2775 nominant
831 2717 963 2794 legatum
991 2717 1148 2775 iuridicum
1171 2715 1337 2792 Hispaniae

47 2809 137 2872 diaecesi
157 2837 213 2876 non
235 2819 398 2877 enuntiata.
443 2817 523 2877 Nam
549 2821 701 2878 iar-idicem
723 2819 888 2895 Hispaniae
914 2823 1053 2878 citerioris
1085 2818 1163 2877 tituli
1185 2818 1340 2876 Beneven-

47 2915 84 2970 tani
103 2917 151 2975 rol.
168 2919 212 2979 lX
235 2919 456 2980 n.1572=1.
477 2922 513 2980 R.
536 2920 574 2979 N.
601 2919 681 2979 1420
707 2921 967 2981 Tarraconensem
1000 2939 1068 2982 esse
1100 2923 1168 2980 inde
1201 2922 1337 2994 allicitur,

47 3017 99 3087 quud
116 3021 242 3082 eiusdem
270 3025 329 3082 viri
351 3023 428 3082 alter
448 3023 564 3095 titulus,
592 3024 643 3081 ubi
669 3023 776 3082 dicitur
798 3027 907 3100 legatae
929 3027 1070 3085 iuridicua
1092 3024 1340 3084 determinatione

48 3133 84 3175 uun
109 3121 222 3199 adiecta,
256 3126 430 3185 Tarracone
462 3127 573 3204 prodiit
605 3125 678 3200 (rol.
701 3126 732 3184 ΙΙ
764 3147 793 3186 n.
815 3126 926 3203 4113),
962 3132 1073 3204 quique
1104 3135 1198 3186 restat
1230 3127 1340 3204 leyatua

52 3223 147 3284 nterea
168 3229 335 3305 Hispaniae
357 3247 449 3304 supra
471 3230 579 3287 citatus
607 3237 758 3304 potestat
782 3231 847 3306 ipse
869 3230 972 3289 eodem
995 3230 1095 3289 officio
1120 3230 1239 3289 functus
1262 3247 1340 3288 esse.

53 3315 140 3386 Secundi
160 3331 252 3406 igitur
274 3332 367 3408 legati
390 3331 563 3389 dioeceseos
585 3350 692 3390 nomen
716 3331 813 3390 adhuc
834 3333 998 3410 ignoratur.

90 3429 125 3487 10.
164 3432 239 3492 Tres
261 3433 377 3510 primos
399 3433 478 3491 tituli
494 3451 599 3492 versus
621 3451 681 3490 uon
703 3433 859 3512 intelleg03
882 3435 938 3493 hoc
957 3444 1084 3512 apparet
1103 3436 1140 3494 dc
1160 3433 1340 3519 στρ[ατη«γῷ]

48 3530 136 3603 agitari
157 3555 214 3594 non
237 3553 340 3614 posse,
363 3554 431 3594 cum
453 3536 479 3593 is
502 3537 599 3593 honor
620 3537 723 3594 redeat
743 3557 769 3594 v.
788 3539 836 3608 11,
859 3557 914 3596 uec
936 3538 1010 3596 satis
1031 3537 1185 3598 commode
1207 3536 1341 3596 introdu-

47 3628 99 3688 citur
116 3639 347 3713 supplementum
369 3639 407 3697 ab
430 3639 543 3698 editore
566 3640 754 3714 propositum
777 3634 848 3716 [ἀφ’
871 3631 1007 3715 aaaron

599 3935 753 4030 XXV.

79 4145 375 4248 FORMVLA
405 4151 563 4248 VOTI
591 4152 908 4247 FRATRVM
937 4152 1298 4250 ARVALIVM.

106 4363 269 4425 accusativi
291 4373 435 4426 exeuntes
458 4369 489 4424 in
511 4384 557 4423 am
580 4384 621 4424 em
642 4384 688 4422 ara
710 4375 740 4423 et
761 4365 885 4424 ablativi
907 4365 959 4441 qui
980 4364 1086 4424 finiunt
1107 4366 1138 4425 in
1160 4386 1180 4425 a
1202 4387 1216 4426 a
1237 4386 1253 4424 ο
1275 4387 1341 4428 cum

50 4465 155 4523 naevia
168 4468 331 4540 differrent,
352 4478 466 4527 mature
482 4468 600 4540 accidit,
623 4477 655 4526 ut
677 4468 753 4526 inter
776 4485 809 4524 se
831 4475 1069 4542 permutarentur
1086 4487 1153 4526 cum
1175 4469 1256 4542 alibi,
1279 4480 1343 4531 tum

48 4564 148 4625 maxime
171 4569 199 4628 in
227 4571 409 4630 carminibus
436 4571 563 4630 vetustis
590 4570 734 4628 memoria
758 4570 802 4627 ita
828 4571 955 4641 traditis,
983 4580 1015 4627 ut
1041 4571 1113 4646 quid
1139 4571 1344 4648 significarent

49 4663 84 4732 qua
101 4687 129 4723 ca
147 4673 308 4732 recitabant
330 4691 421 4752 saepe
443 4693 549 4750 parum
573 4672 768 4749 perciperent.
806 4671 879 4730 Eius
903 4673 1016 4731 abusus
1038 4673 1221 4734 luculentum
1243 4695 1344 4734 exem-

49 4761 107 4831 llum
130 4791 216 4850 neque
243 4776 342 4834 adhuc
369 4777 400 4834 ni
427 4775 517 4833 fallor
543 4775 615 4834 satis
642 4775 826 4833 intellectum
852 4793 987 4850 promam
1015 4794 1054 4832 ex
1080 4777 1189 4836 tabulis
1217 4777 1343 4837 fratrum

49 4862 182 4934 Arvalium.
226 4877 298 4936 Voti
325 4897 445 4936 carmen
472 4877 615 4936 sollemne
642 4877 878 4952 componendum
912 4877 1019 4953 opinor
1046 4895 1112 4936 cum
1143 4887 1216 4938 uota
1241 4899 1343 4956 preca-

50 4963 108 5027 tione
121 4972 278 5038 Catoniana
293 4979 343 5055 (de
358 5000 381 5037 r.
398 5002 420 5038 r.
445 4978 575 5056 e.132):
598 4981 731 5055 Iuppiter
746 4979 873 5054 dapalis,
895 4988 985 5037 inacte
1006 4979 1060 5036 laac
1080 4979 1167 5039 illaec
1187 4983 1261 5057 dape
1277 4984 1344 5059 pol-

52 5063 141 5132 laeua
161 5092 222 5153 esta,
243 5083 328 5140 itera:
350 5083 483 5158 Iuppiter
497 5082 624 5160 dapalis,
645 5093 734 5140 macta
754 5085 820 5139 aino
841 5082 944 5155 inferio
966 5090 1024 5138 esto
1046 5081 1076 5137 in
1098 5083 1173 5140 actis
1194 5083 1256 5140 illis
1279 5101 1343 5142 sae-

51 5171 100 5230 culo
118 5180 212 5255 primo,
234 5185 349 5243 scilicet
370 5187 408 5244 ab
430 5205 456 5243 a.
475 5183 512 5243 27
536 5183 586 5260 (C.
599 5185 623 5241 Ι.
638 5183 673 5242 L.
687 5182 740 5254 VI,
757 5183 868 5259 2024),
891 5184 941 5242 ubi
964 5184 1093 5259 primum
1116 5193 1266 5243 servatum
1289 5195 1343 5258 est,
1437 5257 1441 5266 ι

53 5271 78 5328 ³1
94 5295 114 5335 a·
128 5300 211 5361 usque
227 5287 276 5360 81,
304 5287 449 5346 formatur
469 5288 507 5346 ad
528 5287 584 5346 hoc
604 5287 789 5364 exemplum:
813 5287 958 5363 Iuppiter,
980 5288 1030 5346 tibi
1048 5287 1116 5345 boue
1134 5297 1237 5346 aurato
1257 5306 1343 5346 voveo

113 5380 151 5438 Ill
1104 5389 1140 5447 15
