3394 5976
268 615 569 670 snnrnsusnrvu
586 620 639 670 sn
658 618 826 674 ussvnss
844 621 1119 681 nummasius.
1285 609 1360 682 257

217 810 244 849 a
264 791 322 850 643
373 809 412 849 rr·
425 808 596 852 csscrcrrs·
607 811 639 858 a·
650 810 683 851 r·
695 812 727 860 a·
738 811 906 856 murram
916 825 960 868 pro
975 817 1140 862 anacam

412 921 454 952 cn.
496 911 538 953 ει
579 911 718 955 scamma
842 917 895 958 sas.
938 903 1048 969 queris

370 1024 389 1056 a.
407 1013 545 1056 eccam·
562 1015 578 1064 Q
593 1014 649 1055 ψ
664 1014 838 1064 Q·d·mctslt.
857 1029 948 1070 capras.
968 1031 1004 1062 aa
1018 1021 1122 1066 scum

426 1127 495 1158 rocas.
569 1128 597 1160 aa
671 1119 767 1160 uranus
829 1076 1155 1264 W

369 1231 396 1262 m.
452 1219 509 1260 hius
551 1229 568 1260 c.
624 1251 629 1261 .
671 1231 699 1262 m.
740 1233 762 1262 a.
805 1221 1119 1267 c.vsvs·s·scxmu

425 1333 487 1364 rocos
588 1333 638 1364 scor
657 1323 662 1334 ¹
674 1322 1134 1382 cat8·MACEDONlBV5·QK·MAl

432 1436 442 1464 r
602 1437 691 1467 ..rus
722 1424 1080 1472 suto·sao·a·scx1.v1

407 2251 428 2288 st
448 2257 499 2298 reas
520 2245 623 2298 lupartba
775 2248 794 2289 b.
816 2249 862 2290 lars.

59 2447 82 2488 a.
95 2427 153 2487 643
187 2425 240 2486 De
265 2423 425 2503 triumphis
446 2421 638 2484 Metellorum
660 2420 753 2480 Marci
775 2441 836 2482 oos.
860 2443 887 2482 a.
905 2423 981 2498 639,
1008 2425 1078 2487 Gaii
1100 2445 1163 2488 cos.
1186 2447 1213 2488 a.
1230 2429 1288 2491 641
1312 2431 1350 2492 ci.

188 2527 327 2586 Velleius
355 2525 389 2599 2,
412 2525 446 2584 8:
479 2529 559 2586 circa
585 2526 682 2584 wdcrn
710 2535 838 2602 tempora
866 2528 923 2589 duo
950 2527 1059 2589 dietslli
1078 2533 1192 2607 fratres
1219 2551 1275 2592 uno
1304 2536 1351 2592 die

190 2629 413 2708 triumpharunt,
436 2636 465 2687 et
485 2645 591 2688 emaus
614 2627 651 2686 de
673 2645 752 2685 anno
774 2627 941 2705 Eutropius
956 2631 986 2704 4,
1002 2630 1055 2692 25:
1081 2629 1115 2692 C.
1140 2633 1264 2694 Caecilio
1287 2635 1351 2696 Me-

189 2733 257 2794 tello
286 2743 312 2792 et
341 2730 392 2791 Cn.
425 2728 553 2790 Carbone
580 2748 636 2790 cos.
664 2729 705 2807 (a.
727 2731 802 2808 641)
832 2733 889 2790 duo
915 2729 1027 2792 Metelli
1044 2737 1159 2812 fratres
1186 2737 1280 2796 eodem
1305 2740 1351 2796 die

189 2837 313 2896 alinum
339 2854 373 2895 aa
394 2832 554 2905 Sardinia,
581 2833 704 2893 abarum
723 2852 758 2894 aa
778 2833 920 2896 lbraecia
941 2837 1112 2914 triumphurn
1133 2849 1257 2915 eperunt.
1302 2837 1348 2900 Of.

190 2935 494 3015 muhlpms

59 3065 82 3104 a.
98 3044 159 3104 644
191 3041 242 3102 De
263 3041 303 3102 ll.
326 3039 415 3100 Livio
436 3037 539 3098 Druso
561 3055 622 3098 cos.
645 3058 672 3098 a
688 3037 748 3098 642
775 3039 812 3098 ei.
835 3039 915 3100 Livii
937 3042 1008 3120 epit.
1024 3041 1078 3102 63:
1105 3041 1210 3106 Maius
1230 3045 1348 3106 Drusus

188 3145 291 3208 consul
316 3143 454 3203 odansue
481 3141 647 3203 Scordiscos
672 3151 781 3219 pentem
808 3161 822 3202 e
851 3141 948 3204 Gallis
974 3147 1126 3206 oriundam
1150 3151 1181 3206 in
1206 3148 1351 3210 Thraecia

182 3247 312 3327 ssliciter
332 3249 487 3323 pupnaoit3
515 3244 619 3322 paullo
646 3246 813 3306 accuratius
836 3245 947 3308 Florus
968 3249 1002 3322 3,
1017 3251 1050 3322 4,
1067 3250 1161 3310 3-52
1190 3255 1349 3312 sanissimi

185 3353 310 3413 omnium
339 3349 484 3408 Thracum
511 3345 660 3408 Scordisci
678 3349 771 3423 suern
815 3349 925 3410 Didius
952 3350 1090 3430 (praetor
1116 3371 1143 3411 a.
1159 3353 1234 3430 640)
1259 3373 1348 3432 vapos

189 3465 215 3514 ss
242 3453 332 3512 libera
352 3451 538 3528 popubztions
564 3451 683 3526 diffusos
703 3455 781 3509 intra
803 3470 885 3512 suam
905 3454 1013 3530 repulit
1037 3453 1203 3528 Thraciam,
1230 3456 1348 3517 Drusus

189 3557 310 3616 ulterius
332 3559 388 3632 epit
408 3564 435 3614 ct
453 3558 540 3614 vetuit
561 3557 685 3614 transire
699 3555 874 3630 Danuuium,
897 3565 928 3616 et
947 3553 1019 3616 Sex.
1035 3555 1104 3614 Rus.
1121 3558 1153 3616 9:
1176 3557 1222 3620 M.
1237 3559 1347 3620 Didius

188 3669 325 3736 sopanus
341 3658 470 3718 ibracae
492 3661 637 3735 repressit.
671 3657 716 3718 M.
731 3657 847 3718 Drusus
868 3661 945 3721 intra
960 3661 1034 3736 fines
1049 3663 1185 3736 proprios
1200 3665 1346 3722 continuit.

188 3761 238 3822 De
259 3760 382 3821 consule
404 3759 444 3819 M.
464 3759 551 3819 Livio
573 3761 636 3839 egit
657 3759 802 3838 Borghesi
825 3760 909 3836 op.5
931 3781 961 3838 p.
978 3761 1048 3820 314.
1084 3761 1240 3821 Liviorum
1261 3763 1348 3822 ismi-

188 3865 259 3924 liam
287 3865 464 3924 honoratam
491 3879 559 3922 esse
585 3863 743 3940 triumphis
771 3863 867 3924 tribus
894 3863 1011 3924 noant
1038 3862 1199 3925 Suetonius
1221 3863 1290 3925 Tib.
1313 3867 1346 3939 33

188 3967 416 4028 numerabamus
444 3963 542 4024 adhuc
569 3964 645 4026 duos
673 3984 699 4025 s.
722 3965 781 4025 535
810 3975 841 4024 et
867 3985 894 4026 s.
916 3965 975 4026 547
1003 3966 1054 4044 (oi.
1082 3967 1250 4028 Mommsen
1274 3969 1345 4028 rim.

187 4071 340 4130 Forscb.l
365 4089 394 4148 p.
412 4067 476 4144 74),
497 4067 604 4127 tertius
625 4085 705 4127 nunc
725 4068 844 4128 demum
865 4069 1034 4128 innotescit.

58 4195 82 4233 a
98 4173 158 4234 647
189 4173 237 4234 De
251 4173 314 4232 vita
329 4169 367 4245 Q.
384 4169 503 4232 Servilii
519 4167 679 4247 Caepionis
695 4189 756 4230 cos.
772 4190 799 4230 a.
813 4169 873 4231 648
888 4171 1019 4232 brevitor
1029 4171 1098 4232 val.
1114 4172 1195 4231 Max.
1210 4172 1238 4246 6,
1250 4173 1279 4246 9,
1292 4174 1344 4233 13:

189 4277 326 4338 Crassum
352 4292 437 4334 casus
464 4272 616 4333 acerbitate
646 4273 681 4345 Q.
708 4271 815 4350 Caepio
838 4278 1012 4351 wacmrrit.
1056 4275 1089 4333 Is
1114 4293 1235 4352 namque
1256 4294 1345 4353 prae·

189 4389 269 4440 turae
291 4377 454 4456 splendore,
477 4376 613 4453 triumphi
634 4375 779 4450 claritate,
801 4378 966 4438 conssulatus
987 4377 1094 4448 decors,
1115 4381 1233 4436 macini
1252 4381 1345 4456 ponti-

182 4485 246 4560 ficis
269 4481 440 4552 scandatis,
466 4489 499 4538 ut
523 4487 637 4538 senatus
659 4490 801 4556 patronus
829 4482 977 4550 diceretur,
1004 4490 1149 4538 assecutus
1170 4482 1201 4538 in
1220 4481 1344 4558 publicis

187 4583 308 4644 cinnlis
334 4585 466 4660 spiritum
491 4582 633 4658 deposuit,
661 4601 820 4660 corpusque
842 4587 902 4642 eius
916 4585 1028 4658 funesti
1049 4583 1192 4658 carnificis
1213 4583 1344 4642 amnibus

188 4688 357 4757 incautum,
382 4689 412 4742 in
438 4683 525 4742 scalis
549 4681 691 4744 Ganoniis
717 4689 812 4745 iacens
833 4703 936 4762 mapno
958 4703 1020 4743 eum
1042 4685 1158 4743 bonore
1181 4689 1266 4745 totins
1280 4686 1346 4761 fori

187 4791 311 4850 Romani
333 4795 509 4864 conspectum
530 4796 580 4845 est.
594 4821 634 4829 —
655 4789 704 4848 De
726 4788 849 4865 direptis
871 4787 1023 4847 thesauris
1045 4807 1064 4846 a
1082 4787 1262 4864 Tectosagis
1282 4787 1343 4845 To-

187 4894 271 4952 losae
298 4889 444 4968 depositis
471 4889 508 4947 el.
532 4885 641 4949 Strabo
663 4892 682 4950 4
704 4910 733 4967 p.
753 4889 848 4951 1880
876 4897 906 4949 et
927 4890 1062 4949 lustinus
1083 4889 1153 4948 hist.
1174 4887 1228 4960 32,
1246 4889 1279 4960 3;
1307 4888 1344 4948 de

187 4995 265 5056 bello
286 4994 413 5053 feliciter
435 4991 465 5050 in
486 4989 637 5068 Hispania
657 5006 743 5070 gesto
765 4992 928 5070 Eutropius
946 4993 982 5065 4,
997 4991 1050 5050 st:
1171 5011 1191 5050 o
1212 4991 1342 5050 Minucio

187 5099 263 5174 Ruso
288 5101 320 5155 in
340 5095 517 5154 Macedonia
540 5093 684 5154 Scordisci
709 5106 736 5154 et
759 5094 882 5154 ibibaili
907 5105 934 5152 et
958 5115 978 5153 a
1000 5093 1123 5154 Seruilio
1147 5092 1288 5169 Caepione
1312 5095 1344 5150 in

188 5200 338 5278 Hispania
362 5197 499 5257 Lusitani
525 5201 594 5256 victi
620 5208 692 5257 sunt.
717 5229 754 5239 —
785 5197 846 5255 Pro
874 5197 1011 5271 consule,
1040 5215 1099 5258 non
1124 5216 1179 5276 pro
1205 5201 1344 5274 praetore
