<?xml version="1.0" encoding="UTF-8"?>
<!DOCTYPE html PUBLIC "-//W3C//DTD XHTML 1.0 Transitional//EN"
    "http://www.w3.org/TR/xhtml1/DTD/xhtml1-transitional.dtd">
<html xmlns="http://www.w3.org/1999/xhtml" xml:lang="en" lang="en">
 <head>
  <title>
</title>
<meta http-equiv="Content-Type" content="text/html;charset=utf-8" />
  <meta name='ocr-system' content='tesseract 3.04.00' />
  <meta name='ocr-capabilities' content='ocr_page ocr_carea ocr_par ocr_line ocrx_word'/>
</head>
<body>
  <div class='ocr_page' id='page_1' title='image "./ephemerisepigra10instgoog_0258.png"; bbox 0 0 3394 5976; ppageno 0'>
   <div class='ocr_carea' id='block_1_1' title="bbox 379 581 1348 654">
    <p class='ocr_par' dir='ltr' id='par_1_1' title="bbox 379 581 1348 654">
     <span class='ocr_line' id='line_1_1' title="bbox 379 581 1348 654; baseline -0.004 0"><span class='ocrx_word' id='word_1_1' title='bbox 379 601 679 654; x_wconf 75' lang='lat' dir='ltr'><strong>onsnnvnrroaas</strong></span> <span class='ocrx_word' id='word_1_2' title='bbox 706 599 992 652; x_wconf 76' lang='lat' dir='ltr'><strong>neranarmcna.</strong></span> <span class='ocrx_word' id='word_1_3' title='bbox 1277 581 1348 652; x_wconf 80' lang='lat'><strong>247</strong></span> 
     </span>
    </p>
   </div>
   <div class='ocr_carea' id='block_1_2' title="bbox 35 771 1427 3614">
    <p class='ocr_par' dir='ltr' id='par_1_2' title="bbox 35 771 1427 3614">
     <span class='ocr_line' id='line_1_2' title="bbox 53 771 1353 850; baseline 0.002 -20"><span class='ocrx_word' id='word_1_4' title='bbox 53 774 158 832; x_wconf 84' lang='lat' dir='ltr'><strong>sortasse</strong></span> <span class='ocrx_word' id='word_1_5' title='bbox 179 778 268 832; x_wconf 88' lang='lat' dir='ltr'><strong>etiam</strong></span> <span class='ocrx_word' id='word_1_6' title='bbox 291 776 319 833; x_wconf 91' lang='lat' dir='ltr'><strong>in</strong></span> <span class='ocrx_word' id='word_1_7' title='bbox 342 777 428 833; x_wconf 89' lang='lat' dir='ltr'><strong>tertia</strong></span> <span class='ocrx_word' id='word_1_8' title='bbox 451 774 561 834; x_wconf 81' lang='lat' dir='ltr'><strong>Luccio</strong></span> <span class='ocrx_word' id='word_1_9' title='bbox 579 775 678 850; x_wconf 85' lang='lat' dir='ltr'><strong>V(idi)</strong></span> <span class='ocrx_word' id='word_1_10' title='bbox 701 773 821 850; x_wconf 83' lang='lat' dir='ltr'><strong>s(erua).</strong></span> <span class='ocrx_word' id='word_1_11' title='bbox 870 771 948 834; x_wconf 89' lang='lat' dir='ltr'><strong>Sane</strong></span> <span class='ocrx_word' id='word_1_12' title='bbox 970 773 999 832; x_wconf 90' lang='lat' dir='ltr'><strong>in</strong></span> <span class='ocrx_word' id='word_1_13' title='bbox 1023 774 1077 830; x_wconf 92' lang='lat' dir='ltr'><strong>hac</strong></span> <span class='ocrx_word' id='word_1_14' title='bbox 1100 782 1129 830; x_wconf 90' lang='lat' dir='ltr'><strong>et</strong></span> <span class='ocrx_word' id='word_1_15' title='bbox 1151 773 1251 831; x_wconf 80' lang='lat' dir='ltr'>obstat</span> <span class='ocrx_word' id='word_1_16' title='bbox 1272 775 1353 849; x_wconf 91' lang='lat' dir='ltr'><strong>quod</strong></span> 
     </span>
     <span class='ocr_line' id='line_1_3' title="bbox 50 875 1353 952; baseline 0 -18"><span class='ocrx_word' id='word_1_17' title='bbox 50 877 110 934; x_wconf 83' lang='lat' dir='ltr'><strong>inter</strong></span> <span class='ocrx_word' id='word_1_18' title='bbox 129 892 148 932; x_wconf 92' lang='lat' dir='ltr'><strong>v</strong></span> <span class='ocrx_word' id='word_1_19' title='bbox 168 885 196 934; x_wconf 87' lang='lat' dir='ltr'><strong>et</strong></span> <span class='ocrx_word' id='word_1_20' title='bbox 217 891 232 934; x_wconf 87' lang='lat' dir='ltr'><strong>s</strong></span> <span class='ocrx_word' id='word_1_21' title='bbox 255 887 394 952; x_wconf 89' lang='lat' dir='ltr'><strong>punctum</strong></span> <span class='ocrx_word' id='word_1_22' title='bbox 417 879 529 936; x_wconf 90' lang='lat' dir='ltr'><strong>nullum</strong></span> <span class='ocrx_word' id='word_1_23' title='bbox 552 879 690 948; x_wconf 89' lang='lat' dir='ltr'><strong>cernitur,</strong></span> <span class='ocrx_word' id='word_1_24' title='bbox 717 889 747 934; x_wconf 91' lang='lat' dir='ltr'><strong>et</strong></span> <span class='ocrx_word' id='word_1_25' title='bbox 773 877 842 934; x_wconf 89' lang='lat' dir='ltr'><strong>licet</strong></span> <span class='ocrx_word' id='word_1_26' title='bbox 869 877 999 952; x_wconf 87' lang='lat' dir='ltr'><strong>cogitare</strong></span> <span class='ocrx_word' id='word_1_27' title='bbox 1026 875 1062 933; x_wconf 88' lang='lat' dir='ltr'><strong>de</strong></span> <span class='ocrx_word' id='word_1_28' title='bbox 1089 877 1263 951; x_wconf 85' lang='lat' dir='ltr'><strong>cognomine</strong></span> <span class='ocrx_word' id='word_1_29' title='bbox 1289 895 1353 934; x_wconf 90' lang='lat' dir='ltr'><strong>mu-</strong></span> 
     </span>
     <span class='ocr_line' id='line_1_4' title="bbox 36 964 1353 1057; baseline 0.002 -23"><span class='ocrx_word' id='word_1_30' title='bbox 36 964 115 1034; x_wconf 70' lang='lat' dir='ltr'><strong>ilieris</strong></span> <span class='ocrx_word' id='word_1_31' title='bbox 144 997 199 1036; x_wconf 92' lang='lat' dir='ltr'><strong>non</strong></span> <span class='ocrx_word' id='word_1_32' title='bbox 232 982 414 1056; x_wconf 88' lang='lat' dir='ltr'><strong>perscripto,</strong></span> <span class='ocrx_word' id='word_1_33' title='bbox 447 980 477 1037; x_wconf 92' lang='lat' dir='ltr'><strong>id</strong></span> <span class='ocrx_word' id='word_1_34' title='bbox 510 980 588 1057; x_wconf 92' lang='lat' dir='ltr'><strong>quod</strong></span> <span class='ocrx_word' id='word_1_35' title='bbox 621 980 651 1037; x_wconf 94' lang='lat' dir='ltr'><strong>in</strong></span> <span class='ocrx_word' id='word_1_36' title='bbox 685 979 911 1057; x_wconf 82' lang='lat' dir='ltr'>cognominibus</span> <span class='ocrx_word' id='word_1_37' title='bbox 942 979 1147 1036; x_wconf 89' lang='lat' dir='ltr'><strong>libertinorum</strong></span> <span class='ocrx_word' id='word_1_38' title='bbox 1170 979 1353 1054; x_wconf 81' lang='lat' dir='ltr'><strong>aliquamdiu</strong></span> 
     </span>
     <span class='ocr_line' id='line_1_5' title="bbox 35 1062 1351 1160; baseline 0.003 -24"><span class='ocrx_word' id='word_1_39' title='bbox 35 1062 71 1136; x_wconf 66' lang='lat' dir='ltr'><strong>tin</strong></span> <span class='ocrx_word' id='word_1_40' title='bbox 93 1099 139 1137; x_wconf 88' lang='lat' dir='ltr'><strong>usu</strong></span> <span class='ocrx_word' id='word_1_41' title='bbox 163 1081 220 1138; x_wconf 85' lang='lat' dir='ltr'><strong>fuit</strong></span> <span class='ocrx_word' id='word_1_42' title='bbox 247 1083 599 1158; x_wconf 71' lang='lat' dir='ltr'><strong>(rem.Forael.1,58);</strong></span> <span class='ocrx_word' id='word_1_43' title='bbox 621 1092 776 1160; x_wconf 82' lang='lat' dir='ltr'><strong>praeterea</strong></span> <span class='ocrx_word' id='word_1_44' title='bbox 797 1082 870 1139; x_wconf 87' lang='lat' dir='ltr'><strong>haec</strong></span> <span class='ocrx_word' id='word_1_45' title='bbox 892 1081 1045 1156; x_wconf 91' lang='lat' dir='ltr'><strong>aliquanto</strong></span> <span class='ocrx_word' id='word_1_46' title='bbox 1066 1081 1214 1139; x_wconf 83' lang='lat' dir='ltr'><strong>recentior</strong></span> <span class='ocrx_word' id='word_1_47' title='bbox 1242 1095 1288 1139; x_wconf 88' lang='lat' dir='ltr'><strong>est</strong></span> <span class='ocrx_word' id='word_1_48' title='bbox 1313 1083 1351 1140; x_wconf 89' lang='lat' dir='ltr'><strong>iis</strong></span> 
     </span>
     <span class='ocr_line' id='line_1_6' title="bbox 50 1183 1351 1260; baseline 0.003 -23"><span class='ocrx_word' id='word_1_49' title='bbox 50 1199 107 1256; x_wconf 84' lang='lat' dir='ltr'><strong>quae</strong></span> <span class='ocrx_word' id='word_1_50' title='bbox 126 1183 314 1258; x_wconf 87' lang='lat' dir='ltr'><strong>praecedunt.</strong></span> <span class='ocrx_word' id='word_1_51' title='bbox 351 1184 488 1260; x_wconf 87' lang='lat' dir='ltr'><strong>Denique</strong></span> <span class='ocrx_word' id='word_1_52' title='bbox 511 1204 547 1242; x_wconf 88' lang='lat' dir='ltr'><strong>ne</strong></span> <span class='ocrx_word' id='word_1_53' title='bbox 570 1185 626 1242; x_wconf 88' lang='lat' dir='ltr'><strong>hoc</strong></span> <span class='ocrx_word' id='word_1_54' title='bbox 647 1185 767 1260; x_wconf 88' lang='lat' dir='ltr'><strong>quidem</strong></span> <span class='ocrx_word' id='word_1_55' title='bbox 790 1193 901 1242; x_wconf 90' lang='lat' dir='ltr'><strong>certum</strong></span> <span class='ocrx_word' id='word_1_56' title='bbox 925 1191 972 1240; x_wconf 90' lang='lat' dir='ltr'><strong>est</strong></span> <span class='ocrx_word' id='word_1_57' title='bbox 990 1183 1144 1241; x_wconf 90' lang='lat' dir='ltr'><strong>mulierem</strong></span> <span class='ocrx_word' id='word_1_58' title='bbox 1167 1184 1255 1242; x_wconf 88' lang='lat' dir='ltr'><strong>alieni</strong></span> <span class='ocrx_word' id='word_1_59' title='bbox 1277 1184 1351 1242; x_wconf 93' lang='lat' dir='ltr'><strong>iuris</strong></span> 
     </span>
     <span class='ocr_line' id='line_1_7' title="bbox 48 1285 1351 1364; baseline 0.005 -27"><span class='ocrx_word' id='word_1_60' title='bbox 48 1285 145 1358; x_wconf 77' lang='lat' dir='ltr'><strong>antiquo</strong></span> <span class='ocrx_word' id='word_1_61' title='bbox 166 1293 299 1362; x_wconf 88' lang='lat' dir='ltr'><strong>tempore</strong></span> <span class='ocrx_word' id='word_1_62' title='bbox 322 1304 439 1344; x_wconf 79' lang='lat' dir='ltr'><strong>serram</strong></span> <span class='ocrx_word' id='word_1_63' title='bbox 459 1287 517 1344; x_wconf 91' lang='lat' dir='ltr'><strong>dici</strong></span> <span class='ocrx_word' id='word_1_64' title='bbox 538 1287 686 1362; x_wconf 81' lang='lat' dir='ltr'><strong>potuIsse3</strong></span> <span class='ocrx_word' id='word_1_65' title='bbox 708 1287 830 1364; x_wconf 90' lang='lat' dir='ltr'><strong>proprio</strong></span> <span class='ocrx_word' id='word_1_66' title='bbox 853 1285 930 1344; x_wconf 90' lang='lat' dir='ltr'><strong>enim</strong></span> <span class='ocrx_word' id='word_1_67' title='bbox 950 1285 1095 1344; x_wconf 86' lang='lat' dir='ltr'><strong>vocabulo</strong></span> <span class='ocrx_word' id='word_1_68' title='bbox 1117 1285 1229 1343; x_wconf 89' lang='lat' dir='ltr'><strong>ancilla</strong></span> <span class='ocrx_word' id='word_1_69' title='bbox 1250 1286 1351 1363; x_wconf 90' lang='lat' dir='ltr'><strong>appel-</strong></span> 
     </span>
     <span class='ocr_line' id='line_1_8' title="bbox 48 1383 1351 1466; baseline 0.005 -26"><span class='ocrx_word' id='word_1_70' title='bbox 48 1383 106 1442; x_wconf 83' lang='lat' dir='ltr'><strong>latur</strong></span> <span class='ocrx_word' id='word_1_71' title='bbox 124 1405 174 1444; x_wconf 90' lang='lat' dir='ltr'><strong>nec</strong></span> <span class='ocrx_word' id='word_1_72' title='bbox 196 1389 255 1445; x_wconf 92' lang='lat' dir='ltr'><strong>nisi</strong></span> <span class='ocrx_word' id='word_1_73' title='bbox 278 1389 400 1466; x_wconf 91' lang='lat' dir='ltr'><strong>proprio</strong></span> <span class='ocrx_word' id='word_1_74' title='bbox 423 1389 452 1446; x_wconf 91' lang='lat' dir='ltr'><strong>in</strong></span> <span class='ocrx_word' id='word_1_75' title='bbox 472 1389 625 1446; x_wconf 90' lang='lat' dir='ltr'><strong>notatione</strong></span> <span class='ocrx_word' id='word_1_76' title='bbox 648 1389 690 1446; x_wconf 91' lang='lat' dir='ltr'><strong>uti</strong></span> <span class='ocrx_word' id='word_1_77' title='bbox 713 1389 789 1446; x_wconf 88' lang='lat' dir='ltr'><strong>licet.</strong></span> <span class='ocrx_word' id='word_1_78' title='bbox 828 1386 972 1461; x_wconf 83' lang='lat' dir='ltr'><strong>Quaestio</strong></span> <span class='ocrx_word' id='word_1_79' title='bbox 995 1387 1096 1445; x_wconf 89' lang='lat' dir='ltr'><strong>decisa</strong></span> <span class='ocrx_word' id='word_1_80' title='bbox 1116 1387 1202 1460; x_wconf 86' lang='lat' dir='ltr'><strong>foret,</strong></span> <span class='ocrx_word' id='word_1_81' title='bbox 1226 1389 1251 1446; x_wconf 91' lang='lat' dir='ltr'><strong>si</strong></span> <span class='ocrx_word' id='word_1_82' title='bbox 1274 1389 1351 1446; x_wconf 93' lang='lat' dir='ltr'><strong>inter</strong></span> 
     </span>
     <span class='ocr_line' id='line_1_9' title="bbox 48 1487 1349 1568; baseline 0.005 -26"><span class='ocrx_word' id='word_1_83' title='bbox 48 1487 125 1544; x_wconf 87' lang='lat' dir='ltr'><strong>titulos</strong></span> <span class='ocrx_word' id='word_1_84' title='bbox 144 1489 208 1546; x_wconf 79' lang='lat' dir='ltr'><strong>aevi</strong></span> <span class='ocrx_word' id='word_1_85' title='bbox 231 1491 337 1548; x_wconf 91' lang='lat' dir='ltr'><strong>remoti</strong></span> <span class='ocrx_word' id='word_1_86' title='bbox 358 1491 395 1548; x_wconf 89' lang='lat' dir='ltr'><strong>ad</strong></span> <span class='ocrx_word' id='word_1_87' title='bbox 418 1491 555 1548; x_wconf 82' lang='lat' dir='ltr'><strong>ancillam</strong></span> <span class='ocrx_word' id='word_1_88' title='bbox 577 1491 728 1568; x_wconf 87' lang='lat' dir='ltr'><strong>pertinens</strong></span> <span class='ocrx_word' id='word_1_89' title='bbox 751 1491 945 1566; x_wconf 82' lang='lat' dir='ltr'><strong>reperiretur3</strong></span> <span class='ocrx_word' id='word_1_90' title='bbox 969 1489 1021 1549; x_wconf 91' lang='lat' dir='ltr'><strong>sed</strong></span> <span class='ocrx_word' id='word_1_91' title='bbox 1044 1497 1075 1546; x_wconf 91' lang='lat' dir='ltr'><strong>ut</strong></span> <span class='ocrx_word' id='word_1_92' title='bbox 1097 1507 1250 1548; x_wconf 89' lang='lat' dir='ltr'><strong>servorum</strong></span> <span class='ocrx_word' id='word_1_93' title='bbox 1271 1509 1349 1548; x_wconf 89' lang='lat' dir='ltr'><strong>com-</strong></span> 
     </span>
     <span class='ocr_line' id='line_1_10' title="bbox 47 1587 1348 1670; baseline 0.006 -26"><span class='ocrx_word' id='word_1_94' title='bbox 47 1587 122 1662; x_wconf 87' lang='lat' dir='ltr'><strong>plures</strong></span> <span class='ocrx_word' id='word_1_95' title='bbox 146 1599 250 1650; x_wconf 86' lang='lat' dir='ltr'><strong>extant</strong></span> <span class='ocrx_word' id='word_1_96' title='bbox 276 1611 342 1650; x_wconf 90' lang='lat' dir='ltr'><strong>cum</strong></span> <span class='ocrx_word' id='word_1_97' title='bbox 369 1593 520 1668; x_wconf 91' lang='lat' dir='ltr'><strong>adscripta</strong></span> <span class='ocrx_word' id='word_1_98' title='bbox 548 1594 793 1652; x_wconf 78' lang='lat' dir='ltr'><strong>determinatione</strong></span> <span class='ocrx_word' id='word_1_99' title='bbox 818 1609 891 1652; x_wconf 81' lang='lat' dir='ltr'><strong>ra·s</strong></span> <span class='ocrx_word' id='word_1_100' title='bbox 914 1592 960 1650; x_wconf 87' lang='lat' dir='ltr'><strong>vel</strong></span> <span class='ocrx_word' id='word_1_101' title='bbox 985 1607 1049 1650; x_wconf 81' lang='lat' dir='ltr'><strong>r·s</strong></span> <span class='ocrx_word' id='word_1_102' title='bbox 1071 1599 1100 1649; x_wconf 88' lang='lat' dir='ltr'><strong>et</strong></span> <span class='ocrx_word' id='word_1_103' title='bbox 1126 1593 1170 1650; x_wconf 89' lang='lat' dir='ltr'><strong>sic</strong></span> <span class='ocrx_word' id='word_1_104' title='bbox 1199 1593 1348 1670; x_wconf 86' lang='lat' dir='ltr'><strong>deinceps,</strong></span> 
     </span>
     <span class='ocr_line' id='line_1_11' title="bbox 45 1691 1349 1771; baseline 0.006 -26"><span class='ocrx_word' id='word_1_105' title='bbox 45 1691 128 1749; x_wconf 83' lang='lat' dir='ltr'><strong>similis</strong></span> <span class='ocrx_word' id='word_1_106' title='bbox 154 1694 290 1753; x_wconf 91' lang='lat' dir='ltr'><strong>mulieris</strong></span> <span class='ocrx_word' id='word_1_107' title='bbox 318 1695 413 1754; x_wconf 89' lang='lat' dir='ltr'><strong>adhuc</strong></span> <span class='ocrx_word' id='word_1_108' title='bbox 435 1695 515 1771; x_wconf 91' lang='lat' dir='ltr'><strong>quod</strong></span> <span class='ocrx_word' id='word_1_109' title='bbox 537 1696 629 1754; x_wconf 89' lang='lat' dir='ltr'><strong>sciam</strong></span> <span class='ocrx_word' id='word_1_110' title='bbox 652 1696 751 1754; x_wconf 91' lang='lat' dir='ltr'><strong>nullus</strong></span> <span class='ocrx_word' id='word_1_111' title='bbox 774 1695 904 1754; x_wconf 90' lang='lat' dir='ltr'><strong>emersit.</strong></span> <span class='ocrx_word' id='word_1_112' title='bbox 920 1727 960 1738; x_wconf 92' lang='lat'>—</span> <span class='ocrx_word' id='word_1_113' title='bbox 977 1693 1036 1754; x_wconf 88' lang='lat' dir='ltr'><strong>Sed</strong></span> <span class='ocrx_word' id='word_1_114' title='bbox 1059 1703 1091 1752; x_wconf 88' lang='lat' dir='ltr'><strong>ut</strong></span> <span class='ocrx_word' id='word_1_115' title='bbox 1113 1694 1234 1753; x_wconf 88' lang='lat' dir='ltr'><strong>missam</strong></span> <span class='ocrx_word' id='word_1_116' title='bbox 1257 1695 1349 1753; x_wconf 86' lang='lat' dir='ltr'><strong>iacia-</strong></span> 
     </span>
     <span class='ocr_line' id='line_1_12' title="bbox 46 1797 1348 1875; baseline 0.005 -26"><span class='ocrx_word' id='word_1_117' title='bbox 46 1811 92 1850; x_wconf 88' lang='lat' dir='ltr'><strong>nus</strong></span> <span class='ocrx_word' id='word_1_118' title='bbox 114 1797 227 1854; x_wconf 85' lang='lat' dir='ltr'><strong>tertiam</strong></span> <span class='ocrx_word' id='word_1_119' title='bbox 256 1797 489 1874; x_wconf 89' lang='lat' dir='ltr'><strong>inscriptionem,</strong></span> <span class='ocrx_word' id='word_1_120' title='bbox 517 1799 629 1875; x_wconf 85' lang='lat' dir='ltr'><strong>primae</strong></span> <span class='ocrx_word' id='word_1_121' title='bbox 654 1807 683 1856; x_wconf 93' lang='lat' dir='ltr'><strong>et</strong></span> <span class='ocrx_word' id='word_1_122' title='bbox 709 1799 857 1856; x_wconf 87' lang='lat' dir='ltr'><strong>secundae</strong></span> <span class='ocrx_word' id='word_1_123' title='bbox 879 1798 1085 1874; x_wconf 86' lang='lat' dir='ltr'><strong>interpretatio</strong></span> <span class='ocrx_word' id='word_1_124' title='bbox 1108 1817 1174 1856; x_wconf 89' lang='lat' dir='ltr'><strong>cum</strong></span> <span class='ocrx_word' id='word_1_125' title='bbox 1196 1809 1278 1856; x_wconf 89' lang='lat' dir='ltr'><strong>certa</strong></span> <span class='ocrx_word' id='word_1_126' title='bbox 1300 1799 1348 1870; x_wconf 89' lang='lat' dir='ltr'><strong>ait,</strong></span> 
     </span>
     <span class='ocr_line' id='line_1_13' title="bbox 46 1895 1348 1977; baseline 0.005 -27"><span class='ocrx_word' id='word_1_127' title='bbox 46 1895 147 1955; x_wconf 75' lang='lat' dir='ltr'><strong>sonasse</strong></span> <span class='ocrx_word' id='word_1_128' title='bbox 174 1899 350 1975; x_wconf 83' lang='lat' dir='ltr'><strong>explanatio</strong></span> <span class='ocrx_word' id='word_1_129' title='bbox 378 1919 496 1977; x_wconf 90' lang='lat' dir='ltr'><strong>quoque</strong></span> <span class='ocrx_word' id='word_1_130' title='bbox 519 1901 660 1976; x_wconf 89' lang='lat' dir='ltr'><strong>suppetit,</strong></span> <span class='ocrx_word' id='word_1_131' title='bbox 688 1900 740 1976; x_wconf 92' lang='lat' dir='ltr'><strong>qui</strong></span> <span class='ocrx_word' id='word_1_132' title='bbox 766 1901 829 1958; x_wconf 88' lang='lat' dir='ltr'><strong>fieri</strong></span> <span class='ocrx_word' id='word_1_133' title='bbox 857 1901 995 1975; x_wconf 87' lang='lat' dir='ltr'><strong>potuerit,</strong></span> <span class='ocrx_word' id='word_1_134' title='bbox 1018 1909 1050 1958; x_wconf 87' lang='grc' dir='ltr'><strong>ιιι</strong></span> <span class='ocrx_word' id='word_1_135' title='bbox 1076 1899 1127 1975; x_wconf 91' lang='lat' dir='ltr'><strong>qui</strong></span> <span class='ocrx_word' id='word_1_136' title='bbox 1156 1901 1348 1976; x_wconf 87' lang='lat' dir='ltr'><strong>praenomine</strong></span> 
     </span>
     <span class='ocr_line' id='line_1_14' title="bbox 49 2001 1348 2078; baseline 0.007 -26"><span class='ocrx_word' id='word_1_137' title='bbox 49 2010 65 2052; x_wconf 84' lang='lat' dir='ltr'><strong>et</strong></span> <span class='ocrx_word' id='word_1_138' title='bbox 86 2001 195 2060; x_wconf 87' lang='lat' dir='ltr'><strong>nomine</strong></span> <span class='ocrx_word' id='word_1_139' title='bbox 222 2002 373 2078; x_wconf 88' lang='lat' dir='ltr'><strong>gentilicio</strong></span> <span class='ocrx_word' id='word_1_140' title='bbox 402 2004 495 2061; x_wconf 90' lang='lat' dir='ltr'><strong>utitur</strong></span> <span class='ocrx_word' id='word_1_141' title='bbox 516 2003 595 2060; x_wconf 94' lang='lat' dir='ltr'><strong>idem</strong></span> <span class='ocrx_word' id='word_1_142' title='bbox 618 2002 732 2060; x_wconf 88' lang='lat' dir='ltr'><strong>dicatur</strong></span> <span class='ocrx_word' id='word_1_143' title='bbox 750 2002 814 2060; x_wconf 85' lang='lat' dir='ltr'><strong>I&#39;ibi</strong></span> <span class='ocrx_word' id='word_1_144' title='bbox 841 2003 885 2060; x_wconf 83' lang='lat' dir='ltr'><strong>vel</strong></span> <span class='ocrx_word' id='word_1_145' title='bbox 909 2001 966 2058; x_wconf 82' lang='lat' dir='ltr'><strong>Titi</strong></span> <span class='ocrx_word' id='word_1_146' title='bbox 992 2021 1099 2060; x_wconf 82' lang='lat' dir='ltr'><strong>servus.</strong></span> <span class='ocrx_word' id='word_1_147' title='bbox 1143 2002 1223 2062; x_wconf 90' lang='lat' dir='ltr'><strong>Olim</strong></span> <span class='ocrx_word' id='word_1_148' title='bbox 1246 2003 1348 2062; x_wconf 90' lang='lat' dir='ltr'><strong>monui</strong></span> 
     </span>
     <span class='ocr_line' id='line_1_15' title="bbox 48 2099 1347 2181; baseline 0.006 -27"><span class='ocrx_word' id='word_1_149' title='bbox 48 2099 105 2170; x_wconf 72' lang='lat' dir='ltr'><strong>&lt;aa</strong></span> <span class='ocrx_word' id='word_1_150' title='bbox 118 2102 230 2161; x_wconf 78' lang='lat' dir='ltr'><strong>Foraclr.</strong></span> <span class='ocrx_word' id='word_1_151' title='bbox 248 2106 275 2176; x_wconf 90' lang='lat' dir='ltr'><strong>l,</strong></span> <span class='ocrx_word' id='word_1_152' title='bbox 292 2103 351 2164; x_wconf 87' lang='grc'><strong>358</strong></span> <span class='ocrx_word' id='word_1_153' title='bbox 364 2104 441 2181; x_wconf 89' lang='lat' dir='ltr'><strong>seq.)</strong></span> <span class='ocrx_word' id='word_1_154' title='bbox 464 2105 624 2164; x_wconf 87' lang='lat' dir='ltr'><strong>secundum</strong></span> <span class='ocrx_word' id='word_1_155' title='bbox 648 2123 782 2162; x_wconf 92' lang='lat' dir='ltr'><strong>normam</strong></span> <span class='ocrx_word' id='word_1_156' title='bbox 805 2105 878 2162; x_wconf 87' lang='lat' dir='ltr'><strong>iuris</strong></span> <span class='ocrx_word' id='word_1_157' title='bbox 898 2104 1098 2181; x_wconf 90' lang='lat' dir='ltr'><strong>antiquissimi</strong></span> <span class='ocrx_word' id='word_1_158' title='bbox 1119 2121 1223 2163; x_wconf 89' lang='lat' dir='ltr'><strong>servos</strong></span> <span class='ocrx_word' id='word_1_159' title='bbox 1244 2124 1347 2162; x_wconf 90' lang='lat' dir='ltr'><strong>manu·</strong></span> 
     </span>
     <span class='ocr_line' id='line_1_16' title="bbox 45 2203 1348 2283; baseline 0.007 -26"><span class='ocrx_word' id='word_1_160' title='bbox 45 2203 99 2259; x_wconf 81' lang='lat' dir='ltr'><strong>nitri</strong></span> <span class='ocrx_word' id='word_1_161' title='bbox 122 2223 177 2262; x_wconf 91' lang='lat' dir='ltr'><strong>non</strong></span> <span class='ocrx_word' id='word_1_162' title='bbox 204 2207 341 2283; x_wconf 90' lang='lat' dir='ltr'><strong>potuisse</strong></span> <span class='ocrx_word' id='word_1_163' title='bbox 372 2215 402 2264; x_wconf 91' lang='lat' dir='ltr'><strong>et</strong></span> <span class='ocrx_word' id='word_1_164' title='bbox 428 2209 479 2282; x_wconf 92' lang='lat' dir='ltr'><strong>qui</strong></span> <span class='ocrx_word' id='word_1_165' title='bbox 506 2227 595 2266; x_wconf 91' lang='lat' dir='ltr'><strong>manu</strong></span> <span class='ocrx_word' id='word_1_166' title='bbox 622 2208 706 2265; x_wconf 89' lang='lat' dir='ltr'><strong>missi</strong></span> <span class='ocrx_word' id='word_1_167' title='bbox 733 2215 844 2277; x_wconf 88' lang='lat' dir='ltr'><strong>essent,</strong></span> <span class='ocrx_word' id='word_1_168' title='bbox 871 2225 940 2264; x_wconf 83' lang='lat' dir='ltr'><strong>rere</strong></span> <span class='ocrx_word' id='word_1_169' title='bbox 969 2225 1027 2264; x_wconf 89' lang='lat' dir='ltr'><strong>nou</strong></span> <span class='ocrx_word' id='word_1_170' title='bbox 1060 2217 1118 2264; x_wconf 90' lang='lat' dir='ltr'><strong>tam</strong></span> <span class='ocrx_word' id='word_1_171' title='bbox 1146 2208 1257 2266; x_wconf 89' lang='lat' dir='ltr'><strong>liberos</strong></span> <span class='ocrx_word' id='word_1_172' title='bbox 1284 2207 1348 2266; x_wconf 84' lang='lat' dir='ltr'><strong>lieri</strong></span> 
     </span>
     <span class='ocr_line' id='line_1_17' title="bbox 43 2307 1427 2384; baseline 0.003 -24"><span class='ocrx_word' id='word_1_173' title='bbox 43 2321 109 2377; x_wconf 88' lang='lat' dir='ltr'><strong>quarn</strong></span> <span class='ocrx_word' id='word_1_174' title='bbox 131 2307 161 2366; x_wconf 93' lang='lat' dir='ltr'><strong>in</strong></span> <span class='ocrx_word' id='word_1_175' title='bbox 182 2309 320 2367; x_wconf 89' lang='lat' dir='ltr'><strong>libertate</strong></span> <span class='ocrx_word' id='word_1_176' title='bbox 342 2311 462 2367; x_wconf 89' lang='lat' dir='ltr'><strong>morari.</strong></span> <span class='ocrx_word' id='word_1_177' title='bbox 504 2310 578 2368; x_wconf 88' lang='lat' dir='ltr'><strong>Inde</strong></span> <span class='ocrx_word' id='word_1_178' title='bbox 600 2319 633 2366; x_wconf 90' lang='lat' dir='ltr'><strong>ut</strong></span> <span class='ocrx_word' id='word_1_179' title='bbox 654 2309 829 2384; x_wconf 84' lang='lat' dir='ltr'><strong>explicatur,</strong></span> <span class='ocrx_word' id='word_1_180' title='bbox 858 2309 939 2384; x_wconf 90' lang='lat' dir='ltr'><strong>quod</strong></span> <span class='ocrx_word' id='word_1_181' title='bbox 960 2309 1091 2368; x_wconf 87' lang='lat' dir='ltr'><strong>libertini</strong></span> <span class='ocrx_word' id='word_1_182' title='bbox 1116 2309 1146 2367; x_wconf 92' lang='lat' dir='ltr'><strong>in</strong></span> <span class='ocrx_word' id='word_1_183' title='bbox 1169 2309 1270 2368; x_wconf 88' lang='lat' dir='ltr'><strong>multis</strong></span> <span class='ocrx_word' id='word_1_184' title='bbox 1297 2309 1347 2367; x_wconf 92' lang='lat' dir='ltr'><strong>de·</strong></span> <span class='ocrx_word' id='word_1_185' title='bbox 1424 2355 1427 2364; x_wconf 91' lang='lat'><em>.</em></span> 
     </span>
     <span class='ocr_line' id='line_1_18' title="bbox 43 2407 1346 2488; baseline 0.008 -28"><span class='ocrx_word' id='word_1_186' title='bbox 43 2407 135 2466; x_wconf 83' lang='lat' dir='ltr'><strong>terioris</strong></span> <span class='ocrx_word' id='word_1_187' title='bbox 156 2411 231 2470; x_wconf 86' lang='lat' dir='ltr'><strong>iaris</strong></span> <span class='ocrx_word' id='word_1_188' title='bbox 255 2421 324 2470; x_wconf 88' lang='lat' dir='ltr'><strong>sunt</strong></span> <span class='ocrx_word' id='word_1_189' title='bbox 345 2411 393 2486; x_wconf 87' lang='lat' dir='ltr'><strong>(ut</strong></span> <span class='ocrx_word' id='word_1_190' title='bbox 414 2412 491 2470; x_wconf 89' lang='lat' dir='ltr'><strong>inter</strong></span> <span class='ocrx_word' id='word_1_191' title='bbox 512 2411 573 2468; x_wconf 91' lang='lat' dir='ltr'><strong>alia</strong></span> <span class='ocrx_word' id='word_1_192' title='bbox 595 2419 739 2488; x_wconf 90' lang='lat' dir='ltr'><strong>patronus</strong></span> <span class='ocrx_word' id='word_1_193' title='bbox 762 2413 799 2469; x_wconf 91' lang='lat' dir='ltr'><strong>iis</strong></span> <span class='ocrx_word' id='word_1_194' title='bbox 822 2411 933 2486; x_wconf 87' lang='lat' dir='ltr'><strong>pariter</strong></span> <span class='ocrx_word' id='word_1_195' title='bbox 959 2411 1020 2469; x_wconf 80' lang='lat' dir='ltr'><strong>t’ere</strong></span> <span class='ocrx_word' id='word_1_196' title='bbox 1049 2421 1137 2487; x_wconf 90' lang='lat' dir='ltr'><strong>atque</strong></span> <span class='ocrx_word' id='word_1_197' title='bbox 1160 2413 1255 2470; x_wconf 89' lang='lat' dir='ltr'><strong>servis</strong></span> <span class='ocrx_word' id='word_1_198' title='bbox 1282 2412 1346 2470; x_wconf 86' lang='lat' dir='ltr'><strong>suis</strong></span> 
     </span>
     <span class='ocr_line' id='line_1_19' title="bbox 43 2508 1346 2591; baseline 0.007 -30"><span class='ocrx_word' id='word_1_199' title='bbox 43 2508 110 2566; x_wconf 85' lang='lat' dir='ltr'><strong>iudex</strong></span> <span class='ocrx_word' id='word_1_200' title='bbox 130 2524 182 2584; x_wconf 89' lang='lat' dir='ltr'><strong>est,</strong></span> <span class='ocrx_word' id='word_1_201' title='bbox 206 2525 241 2571; x_wconf 88' lang='lat' dir='ltr'><strong>nt</strong></span> <span class='ocrx_word' id='word_1_202' title='bbox 268 2513 351 2572; x_wconf 92' lang='lat' dir='ltr'><strong>iussu</strong></span> <span class='ocrx_word' id='word_1_203' title='bbox 374 2515 437 2572; x_wconf 91' lang='lat' dir='ltr'><strong>eius</strong></span> <span class='ocrx_word' id='word_1_204' title='bbox 459 2516 547 2572; x_wconf 90' lang='lat' dir='ltr'><strong>etiam</strong></span> <span class='ocrx_word' id='word_1_205' title='bbox 571 2515 668 2590; x_wconf 86' lang='lat' dir='ltr'><strong>capite</strong></span> <span class='ocrx_word' id='word_1_206' title='bbox 690 2515 873 2591; x_wconf 88' lang='lat' dir='ltr'><strong>plectantur;</strong></span> <span class='ocrx_word' id='word_1_207' title='bbox 898 2514 963 2572; x_wconf 86' lang='lat' dir='ltr'><strong>vide</strong></span> <span class='ocrx_word' id='word_1_208' title='bbox 986 2514 1006 2572; x_wconf 95' lang='grc'><strong>1.</strong></span> <span class='ocrx_word' id='word_1_209' title='bbox 1023 2533 1047 2571; x_wconf 90' lang='lat' dir='ltr'><strong>c.</strong></span> <span class='ocrx_word' id='word_1_210' title='bbox 1072 2533 1099 2589; x_wconf 92' lang='lat' dir='ltr'><strong>p.</strong></span> <span class='ocrx_word' id='word_1_211' title='bbox 1116 2513 1175 2572; x_wconf 88' lang='lat'><strong>368</strong></span> <span class='ocrx_word' id='word_1_212' title='bbox 1190 2513 1276 2589; x_wconf 88' lang='lat' dir='ltr'><strong>seq),</strong></span> <span class='ocrx_word' id='word_1_213' title='bbox 1304 2515 1346 2571; x_wconf 90' lang='lat' dir='ltr'><strong>ita</strong></span> 
     </span>
     <span class='ocr_line' id='line_1_20' title="bbox 44 2609 1345 2694; baseline 0.006 -28"><span class='ocrx_word' id='word_1_214' title='bbox 44 2609 117 2684; x_wconf 85' lang='lat' dir='ltr'><strong>ipsum</strong></span> <span class='ocrx_word' id='word_1_215' title='bbox 141 2616 218 2673; x_wconf 85' lang='lat' dir='ltr'><strong>servi</strong></span> <span class='ocrx_word' id='word_1_216' title='bbox 245 2616 422 2674; x_wconf 87' lang='lat' dir='ltr'><strong>vocabulum</strong></span> <span class='ocrx_word' id='word_1_217' title='bbox 451 2616 487 2674; x_wconf 90' lang='lat' dir='ltr'><strong>de</strong></span> <span class='ocrx_word' id='word_1_218' title='bbox 513 2617 652 2674; x_wconf 88' lang='lat' dir='ltr'><strong>libertino</strong></span> <span class='ocrx_word' id='word_1_219' title='bbox 675 2635 792 2694; x_wconf 91' lang='lat' dir='ltr'><strong>quoque</strong></span> <span class='ocrx_word' id='word_1_220' title='bbox 819 2625 990 2692; x_wconf 89' lang='lat' dir='ltr'><strong>usurpatur.</strong></span> <span class='ocrx_word' id='word_1_221' title='bbox 1034 2615 1140 2674; x_wconf 85' lang='lat' dir='ltr'><strong>Cicero</strong></span> <span class='ocrx_word' id='word_1_222' title='bbox 1163 2615 1201 2673; x_wconf 89' lang='lat' dir='ltr'><strong>ad</strong></span> <span class='ocrx_word' id='word_1_223' title='bbox 1223 2615 1291 2674; x_wconf 83' lang='lat' dir='ltr'><strong>iam.</strong></span> <span class='ocrx_word' id='word_1_224' title='bbox 1316 2617 1345 2686; x_wconf 82' lang='lat'><strong>5,</strong></span> 
     </span>
     <span class='ocr_line' id='line_1_21' title="bbox 45 2709 1345 2794; baseline 0.004 -23"><span class='ocrx_word' id='word_1_225' title='bbox 45 2709 79 2782; x_wconf 74' lang='lat'><strong>⁴20,</strong></span> <span class='ocrx_word' id='word_1_226' title='bbox 102 2713 116 2770; x_wconf 76' lang='grc'>1</span> <span class='ocrx_word' id='word_1_227' title='bbox 141 2735 206 2776; x_wconf 89' lang='lat' dir='ltr'><strong>eum</strong></span> <span class='ocrx_word' id='word_1_228' title='bbox 236 2718 334 2794; x_wconf 93' lang='lat' dir='ltr'><strong>ipsum</strong></span> <span class='ocrx_word' id='word_1_229' title='bbox 361 2736 449 2794; x_wconf 87' lang='lat' dir='ltr'><strong>quem</strong></span> <span class='ocrx_word' id='word_1_230' title='bbox 472 2725 561 2776; x_wconf 88' lang='lat' dir='ltr'><strong>antea</strong></span> <span class='ocrx_word' id='word_1_231' title='bbox 587 2719 704 2777; x_wconf 86' lang='lat' dir='ltr'><strong>dixerat</strong></span> <span class='ocrx_word' id='word_1_232' title='bbox 726 2719 769 2776; x_wconf 78' lang='lat' dir='ltr'><strong>lt.</strong></span> <span class='ocrx_word' id='word_1_233' title='bbox 796 2718 919 2776; x_wconf 79' lang='lat' dir='ltr'><strong>Ihllr&#39;um</strong></span> <span class='ocrx_word' id='word_1_234' title='bbox 940 2719 1063 2776; x_wconf 82' lang='lat' dir='ltr'><strong>scribam</strong></span> <span class='ocrx_word' id='word_1_235' title='bbox 1083 2737 1172 2776; x_wconf 84' lang='lat' dir='ltr'><strong>meum</strong></span> <span class='ocrx_word' id='word_1_236' title='bbox 1194 2736 1264 2776; x_wconf 83' lang='lat' dir='ltr'><strong>mox</strong></span> <span class='ocrx_word' id='word_1_237' title='bbox 1286 2736 1345 2776; x_wconf 89' lang='lat' dir='ltr'><strong>ser·</strong></span> 
     </span>
     <span class='ocr_line' id='line_1_22' title="bbox 44 2818 1345 2897; baseline 0.004 -25"><span class='ocrx_word' id='word_1_238' title='bbox 44 2833 93 2872; x_wconf 83' lang='grc' dir='ltr'>ιιιιι</span> <span class='ocrx_word' id='word_1_239' title='bbox 117 2835 198 2878; x_wconf 89' lang='lat' dir='ltr'><strong>suum</strong></span> <span class='ocrx_word' id='word_1_240' title='bbox 227 2820 360 2897; x_wconf 90' lang='lat' dir='ltr'><strong>appellat</strong></span> <span class='ocrx_word' id='word_1_241' title='bbox 386 2821 498 2896; x_wconf 85' lang='lat' dir='ltr'><strong>(accepi</strong></span> <span class='ocrx_word' id='word_1_242' title='bbox 523 2841 542 2878; x_wconf 87' lang='lat' dir='ltr'><strong>a</strong></span> <span class='ocrx_word' id='word_1_243' title='bbox 568 2841 627 2879; x_wconf 85' lang='lat' dir='ltr'><strong>meo</strong></span> <span class='ocrx_word' id='word_1_244' title='bbox 653 2841 732 2878; x_wconf 79' lang='lat' dir='ltr'><strong>serso</strong></span> <span class='ocrx_word' id='word_1_245' title='bbox 759 2820 875 2896; x_wconf 80' lang='lat' dir='ltr'><strong>scriba).</strong></span> <span class='ocrx_word' id='word_1_246' title='bbox 914 2818 1055 2880; x_wconf 87' lang='lat' dir='ltr'><strong>Similiter</strong></span> <span class='ocrx_word' id='word_1_247' title='bbox 1077 2821 1193 2878; x_wconf 90' lang='lat' dir='ltr'><strong>titulum</strong></span> <span class='ocrx_word' id='word_1_248' title='bbox 1216 2820 1345 2896; x_wconf 85' lang='lat' dir='ltr'><strong>optimae</strong></span> 
     </span>
     <span class='ocr_line' id='line_1_23' title="bbox 43 2919 1345 3002; baseline 0.005 -29"><span class='ocrx_word' id='word_1_249' title='bbox 43 2919 125 2977; x_wconf 83' lang='lat' dir='ltr'><strong>aetatis</strong></span> <span class='ocrx_word' id='word_1_250' title='bbox 145 2920 315 3002; x_wconf 91' lang='lat' dir='ltr'><strong>Hispanum</strong></span> <span class='ocrx_word' id='word_1_251' title='bbox 339 2921 616 2999; x_wconf 86' lang='lat' dir='ltr'><strong>Carthaginiensem</strong></span> <span class='ocrx_word' id='word_1_252' title='bbox 644 2921 694 2998; x_wconf 85' lang='lat' dir='ltr'><strong>(C.</strong></span> <span class='ocrx_word' id='word_1_253' title='bbox 711 2923 768 2981; x_wconf 81' lang='lat' dir='ltr'><strong>rol.</strong></span> <span class='ocrx_word' id='word_1_254' title='bbox 787 2923 861 2980; x_wconf 75' lang='lat'>1111.</span> <span class='ocrx_word' id='word_1_255' title='bbox 879 2922 987 2996; x_wconf 83' lang='lat'>3495):</span> <span class='ocrx_word' id='word_1_256' title='bbox 1016 2923 1113 2980; x_wconf 84' lang='lat' dir='ltr'><strong>Plotia</strong></span> <span class='ocrx_word' id='word_1_257' title='bbox 1136 2920 1173 2980; x_wconf 88' lang='lat' dir='ltr'><strong>L.</strong></span> <span class='ocrx_word' id='word_1_258' title='bbox 1197 2933 1222 2981; x_wconf 87' lang='lat' dir='ltr'><strong>ct</strong></span> <span class='ocrx_word' id='word_1_259' title='bbox 1243 2923 1345 2998; x_wconf 82' lang='lat' dir='ltr'><strong>Fufioa</strong></span> 
     </span>
     <span class='ocr_line' id='line_1_24' title="bbox 43 3017 1345 3100; baseline 0.002 -20"><span class='ocrx_word' id='word_1_260' title='bbox 43 3017 56 3072; x_wconf 77' lang='lat' dir='ltr'><strong>l·</strong></span> <span class='ocrx_word' id='word_1_261' title='bbox 81 3020 163 3082; x_wconf 80' lang='lat' dir='ltr'><strong>Pruna</strong></span> <span class='ocrx_word' id='word_1_262' title='bbox 194 3027 266 3083; x_wconf 81' lang='lat' dir='ltr'><strong>haec</strong></span> <span class='ocrx_word' id='word_1_263' title='bbox 298 3029 449 3083; x_wconf 85' lang='lat' dir='ltr'><strong>uocitatast</strong></span> <span class='ocrx_word' id='word_1_264' title='bbox 481 3026 589 3084; x_wconf 72' lang='lat' dir='ltr'><strong>aamlla</strong></span> <span class='ocrx_word' id='word_1_265' title='bbox 620 3027 680 3084; x_wconf 81' lang='lat' dir='ltr'><strong>leis</strong></span> <span class='ocrx_word' id='word_1_266' title='bbox 713 3029 796 3084; x_wconf 84' lang='lat' dir='ltr'><strong>sitast</strong></span> <span class='ocrx_word' id='word_1_267' title='bbox 830 3043 889 3083; x_wconf 93' lang='lat' dir='ltr'><strong>non</strong></span> <span class='ocrx_word' id='word_1_268' title='bbox 922 3026 964 3082; x_wconf 87' lang='lat' dir='ltr'><strong>ita</strong></span> <span class='ocrx_word' id='word_1_269' title='bbox 996 3025 1159 3100; x_wconf 90' lang='lat' dir='ltr'><strong>acceperim</strong></span> <span class='ocrx_word' id='word_1_270' title='bbox 1191 3025 1345 3084; x_wconf 87' lang='lat' dir='ltr'><strong>mulierem</strong></span> 
     </span>
     <span class='ocr_line' id='line_1_25' title="bbox 45 3119 1345 3203; baseline 0.005 -23"><span class='ocrx_word' id='word_1_271' title='bbox 45 3119 93 3180; x_wconf 78' lang='lat' dir='ltr'><strong>(lum</strong></span> <span class='ocrx_word' id='word_1_272' title='bbox 112 3138 187 3184; x_wconf 88' lang='lat' dir='ltr'><strong>esset</strong></span> <span class='ocrx_word' id='word_1_273' title='bbox 210 3127 321 3185; x_wconf 88' lang='lat' dir='ltr'><strong>ancilla</strong></span> <span class='ocrx_word' id='word_1_274' title='bbox 342 3127 463 3203; x_wconf 84' lang='lat' dir='ltr'><strong>Phryne</strong></span> <span class='ocrx_word' id='word_1_275' title='bbox 487 3128 631 3187; x_wconf 83' lang='lat' dir='ltr'><strong>vocabulo</strong></span> <span class='ocrx_word' id='word_1_276' title='bbox 654 3147 740 3186; x_wconf 85' lang='lat' dir='ltr'><strong>usum</strong></span> <span class='ocrx_word' id='word_1_277' title='bbox 762 3146 838 3200; x_wconf 84' lang='lat' dir='ltr'><strong>csse,</strong></span> <span class='ocrx_word' id='word_1_278' title='bbox 862 3127 914 3186; x_wconf 87' lang='lat' dir='ltr'><strong>sed</strong></span> <span class='ocrx_word' id='word_1_279' title='bbox 942 3147 1006 3186; x_wconf 91' lang='lat' dir='ltr'><strong>eam</strong></span> <span class='ocrx_word' id='word_1_280' title='bbox 1034 3128 1105 3186; x_wconf 88' lang='lat' dir='ltr'><strong>licet</strong></span> <span class='ocrx_word' id='word_1_281' title='bbox 1131 3128 1345 3186; x_wconf 89' lang='lat' dir='ltr'><strong>manumissam</strong></span> 
     </span>
     <span class='ocr_line' id='line_1_26' title="bbox 46 3222 1344 3307; baseline 0.006 -29"><span class='ocrx_word' id='word_1_282' title='bbox 46 3222 208 3288; x_wconf 78' lang='lat' dir='ltr'><strong>ihilominus</strong></span> <span class='ocrx_word' id='word_1_283' title='bbox 233 3229 371 3288; x_wconf 88' lang='lat' dir='ltr'><strong>ancillam</strong></span> <span class='ocrx_word' id='word_1_284' title='bbox 396 3230 550 3307; x_wconf 89' lang='lat' dir='ltr'><strong>appellari.</strong></span> <span class='ocrx_word' id='word_1_285' title='bbox 588 3229 673 3288; x_wconf 90' lang='lat' dir='ltr'><strong>Haec</strong></span> <span class='ocrx_word' id='word_1_286' title='bbox 696 3230 721 3287; x_wconf 93' lang='lat' dir='ltr'><strong>si</strong></span> <span class='ocrx_word' id='word_1_287' title='bbox 744 3230 785 3288; x_wconf 88' lang='lat' dir='ltr'><strong>ita</strong></span> <span class='ocrx_word' id='word_1_288' title='bbox 807 3231 997 3288; x_wconf 90' lang='lat' dir='ltr'><strong>obtinuerunt</strong></span> <span class='ocrx_word' id='word_1_289' title='bbox 1020 3239 1116 3287; x_wconf 89' lang='lat' dir='ltr'><strong>aetate</strong></span> <span class='ocrx_word' id='word_1_290' title='bbox 1137 3228 1344 3300; x_wconf 83' lang='lat' dir='ltr'><strong>Ciceroniana,</strong></span> 
     </span>
     <span class='ocr_line' id='line_1_27' title="bbox 45 3331 1345 3390; baseline 0.005 -8"><span class='ocrx_word' id='word_1_291' title='bbox 45 3341 83 3382; x_wconf 84' lang='lat' dir='ltr'><strong>ron</strong></span> <span class='ocrx_word' id='word_1_292' title='bbox 101 3331 201 3390; x_wconf 89' lang='lat' dir='ltr'><strong>mirum</strong></span> <span class='ocrx_word' id='word_1_293' title='bbox 226 3339 272 3390; x_wconf 87' lang='lat' dir='ltr'><strong>est</strong></span> <span class='ocrx_word' id='word_1_294' title='bbox 293 3332 410 3390; x_wconf 89' lang='lat' dir='ltr'><strong>duobus</strong></span> <span class='ocrx_word' id='word_1_295' title='bbox 433 3333 562 3390; x_wconf 86' lang='lat' dir='ltr'><strong>saeculis</strong></span> <span class='ocrx_word' id='word_1_296' title='bbox 584 3341 672 3390; x_wconf 91' lang='lat' dir='ltr'><strong>antea</strong></span> <span class='ocrx_word' id='word_1_297' title='bbox 693 3334 828 3390; x_wconf 92' lang='lat' dir='ltr'><strong>homines</strong></span> <span class='ocrx_word' id='word_1_298' title='bbox 851 3351 869 3389; x_wconf 91' lang='lat' dir='ltr'><strong>a</strong></span> <span class='ocrx_word' id='word_1_299' title='bbox 891 3332 1011 3390; x_wconf 89' lang='lat' dir='ltr'><strong>domino</strong></span> <span class='ocrx_word' id='word_1_300' title='bbox 1034 3333 1233 3390; x_wconf 86' lang='lat' dir='ltr'><strong>manumissos</strong></span> <span class='ocrx_word' id='word_1_301' title='bbox 1257 3331 1345 3390; x_wconf 89' lang='lat' dir='ltr'><strong>simul</strong></span> 
     </span>
     <span class='ocr_line' id='line_1_28' title="bbox 42 3429 1345 3512; baseline 0.005 -27"><span class='ocrx_word' id='word_1_302' title='bbox 42 3435 61 3480; x_wconf 81' lang='lat' dir='ltr'><strong>tt</strong></span> <span class='ocrx_word' id='word_1_303' title='bbox 79 3429 215 3494; x_wconf 89' lang='lat' dir='ltr'><strong>libertatis</strong></span> <span class='ocrx_word' id='word_1_304' title='bbox 243 3434 354 3492; x_wconf 90' lang='lat' dir='ltr'><strong>indicia</strong></span> <span class='ocrx_word' id='word_1_305' title='bbox 380 3453 451 3510; x_wconf 90' lang='lat' dir='ltr'><strong>prae</strong></span> <span class='ocrx_word' id='word_1_306' title='bbox 479 3453 511 3494; x_wconf 88' lang='lat' dir='ltr'><strong>se</strong></span> <span class='ocrx_word' id='word_1_307' title='bbox 539 3435 644 3494; x_wconf 87' lang='lat' dir='ltr'><strong>tulisse</strong></span> <span class='ocrx_word' id='word_1_308' title='bbox 671 3434 829 3510; x_wconf 90' lang='lat' dir='ltr'><strong>adsumpto</strong></span> <span class='ocrx_word' id='word_1_309' title='bbox 856 3435 974 3494; x_wconf 89' lang='lat' dir='ltr'><strong>nomine</strong></span> <span class='ocrx_word' id='word_1_310' title='bbox 1001 3435 1151 3512; x_wconf 88' lang='lat' dir='ltr'><strong>gentilicio</strong></span> <span class='ocrx_word' id='word_1_311' title='bbox 1177 3447 1207 3492; x_wconf 89' lang='lat' dir='ltr'><strong>et</strong></span> <span class='ocrx_word' id='word_1_312' title='bbox 1232 3433 1345 3492; x_wconf 83' lang='lat' dir='ltr'><strong>domini</strong></span> 
     </span>
     <span class='ocr_line' id='line_1_29' title="bbox 41 3537 790 3614; baseline 0.005 -24"><span class='ocrx_word' id='word_1_313' title='bbox 41 3540 187 3600; x_wconf 81' lang='lat' dir='ltr'><strong>potestatem</strong></span> <span class='ocrx_word' id='word_1_314' title='bbox 212 3537 372 3614; x_wconf 86' lang='lat' dir='ltr'><strong>agnovisse</strong></span> <span class='ocrx_word' id='word_1_315' title='bbox 395 3537 512 3596; x_wconf 86' lang='lat' dir='ltr'><strong>adiecto</strong></span> <span class='ocrx_word' id='word_1_316' title='bbox 535 3538 613 3598; x_wconf 85' lang='lat' dir='ltr'><strong>servi</strong></span> <span class='ocrx_word' id='word_1_317' title='bbox 636 3537 790 3596; x_wconf 80' lang='lat' dir='ltr'><strong>vocabulo.</strong></span> 
     </span>
    </p>
   </div>
   <div class='ocr_carea' id='block_1_3' title="bbox 228 3833 1185 3947">
    <p class='ocr_par' dir='ltr' id='par_1_3' title="bbox 228 3833 1185 3947">
     <span class='ocr_line' id='line_1_30' title="bbox 228 3833 1185 3947; baseline -0.002 -1"><span class='ocrx_word' id='word_1_318' title='bbox 228 3851 454 3946; x_wconf 90' lang='lat' dir='ltr'>XXVIII.</span> <span class='ocrx_word' id='word_1_319' title='bbox 514 3851 833 3947; x_wconf 82' lang='lat' dir='ltr'>CRESCENS</span> <span class='ocrx_word' id='word_1_320' title='bbox 863 3850 1130 3946; x_wconf 84' lang='lat' dir='ltr'>AVRIGA.</span> <span class='ocrx_word' id='word_1_321' title='bbox 1180 3833 1185 3841; x_wconf 41' lang='lat'><em>¹</em></span> 
     </span>
    </p>
   </div>
   <div class='ocr_carea' id='block_1_4' title="bbox 34 4062 1342 5368">
    <p class='ocr_par' dir='ltr' id='par_1_4' title="bbox 34 4062 1342 5368">
     <span class='ocr_line' id='line_1_31' title="bbox 101 4062 1342 4140; baseline 0.001 -22"><span class='ocrx_word' id='word_1_322' title='bbox 101 4062 282 4120; x_wconf 82' lang='lat' dir='ltr'><strong>Amoeniora</strong></span> <span class='ocrx_word' id='word_1_323' title='bbox 310 4064 429 4140; x_wconf 89' lang='lat' dir='ltr'><strong>ingenia</strong></span> <span class='ocrx_word' id='word_1_324' title='bbox 457 4065 607 4124; x_wconf 86' lang='lat' dir='ltr'><strong>abstinere</strong></span> <span class='ocrx_word' id='word_1_325' title='bbox 637 4085 655 4122; x_wconf 91' lang='lat' dir='ltr'><strong>a</strong></span> <span class='ocrx_word' id='word_1_326' title='bbox 682 4063 880 4122; x_wconf 88' lang='lat' dir='ltr'><strong>monumentis</strong></span> <span class='ocrx_word' id='word_1_327' title='bbox 913 4065 1024 4122; x_wconf 88' lang='lat' dir='ltr'><strong>nostris</strong></span> <span class='ocrx_word' id='word_1_328' title='bbox 1057 4082 1116 4121; x_wconf 91' lang='lat' dir='ltr'><strong>non</strong></span> <span class='ocrx_word' id='word_1_329' title='bbox 1146 4063 1244 4120; x_wconf 91' lang='lat' dir='ltr'><strong>minus</strong></span> <span class='ocrx_word' id='word_1_330' title='bbox 1274 4063 1342 4120; x_wconf 91' lang='lat' dir='ltr'><strong>hor·</strong></span> 
     </span>
     <span class='ocr_line' id='line_1_32' title="bbox 37 4157 1342 4244; baseline 0.004 -26"><span class='ocrx_word' id='word_1_331' title='bbox 37 4157 92 4218; x_wconf 70' lang='lat' dir='ltr'><strong>fidis</strong></span> <span class='ocrx_word' id='word_1_332' title='bbox 115 4182 202 4239; x_wconf 91' lang='lat' dir='ltr'><strong>quarn</strong></span> <span class='ocrx_word' id='word_1_333' title='bbox 232 4165 325 4222; x_wconf 88' lang='lat' dir='ltr'><strong>aridis</strong></span> <span class='ocrx_word' id='word_1_334' title='bbox 352 4175 384 4224; x_wconf 91' lang='grc' dir='ltr'><strong>ιιι</strong></span> <span class='ocrx_word' id='word_1_335' title='bbox 410 4185 470 4224; x_wconf 87' lang='grc' dir='ltr'>ιιοιι</span> <span class='ocrx_word' id='word_1_336' title='bbox 497 4167 752 4244; x_wconf 87' lang='lat' dir='ltr'><strong>reprehendimus,</strong></span> <span class='ocrx_word' id='word_1_337' title='bbox 780 4167 823 4224; x_wconf 90' lang='lat' dir='ltr'><strong>ita</strong></span> <span class='ocrx_word' id='word_1_338' title='bbox 845 4167 869 4224; x_wconf 91' lang='lat' dir='ltr'><strong>si</strong></span> <span class='ocrx_word' id='word_1_339' title='bbox 892 4168 942 4242; x_wconf 90' lang='lat' dir='ltr'><strong>qui</strong></span> <span class='ocrx_word' id='word_1_340' title='bbox 969 4167 1048 4223; x_wconf 90' lang='lat' dir='ltr'><strong>tituli</strong></span> <span class='ocrx_word' id='word_1_341' title='bbox 1075 4165 1269 4240; x_wconf 87' lang='lat' dir='ltr'><strong>hominesque</strong></span> <span class='ocrx_word' id='word_1_342' title='bbox 1291 4185 1342 4223; x_wconf 87' lang='lat' dir='ltr'><strong>ex·</strong></span> 
     </span>
     <span class='ocr_line' id='line_1_33' title="bbox 38 4265 1342 4345; baseline 0.004 -26"><span class='ocrx_word' id='word_1_343' title='bbox 38 4265 178 4337; x_wconf 73' lang='lat' dir='ltr'><strong>optionem</strong></span> <span class='ocrx_word' id='word_1_344' title='bbox 208 4267 332 4338; x_wconf 85' lang='lat' dir='ltr'><strong>faciunt,</strong></span> <span class='ocrx_word' id='word_1_345' title='bbox 358 4270 532 4345; x_wconf 85' lang='lat' dir='ltr'><strong>gaudemus.</strong></span> <span class='ocrx_word' id='word_1_346' title='bbox 576 4269 731 4328; x_wconf 83' lang='lat' dir='ltr'><strong>Eiusmodi</strong></span> <span class='ocrx_word' id='word_1_347' title='bbox 761 4267 863 4326; x_wconf 84' lang='lat' dir='ltr'><strong>favore</strong></span> <span class='ocrx_word' id='word_1_348' title='bbox 891 4268 1035 4344; x_wconf 89' lang='lat' dir='ltr'><strong>singulari</strong></span> <span class='ocrx_word' id='word_1_349' title='bbox 1062 4287 1128 4325; x_wconf 92' lang='lat' dir='ltr'><strong>cum</strong></span> <span class='ocrx_word' id='word_1_350' title='bbox 1156 4269 1199 4325; x_wconf 90' lang='lat' dir='ltr'><strong>uti</strong></span> <span class='ocrx_word' id='word_1_351' title='bbox 1226 4267 1342 4326; x_wconf 89' lang='lat' dir='ltr'><strong>soleant</strong></span> 
     </span>
     <span class='ocr_line' id='line_1_34' title="bbox 37 4361 1342 4446; baseline 0.01 -32"><span class='ocrx_word' id='word_1_352' title='bbox 37 4361 96 4422; x_wconf 85' lang='lat' dir='ltr'><strong>tituli</strong></span> <span class='ocrx_word' id='word_1_353' title='bbox 121 4389 174 4446; x_wconf 89' lang='lat' dir='ltr'><strong>per</strong></span> <span class='ocrx_word' id='word_1_354' title='bbox 203 4388 235 4428; x_wconf 92' lang='lat' dir='ltr'><strong>se</strong></span> <span class='ocrx_word' id='word_1_355' title='bbox 265 4388 360 4446; x_wconf 86' lang='lat' dir='ltr'><strong>neque</strong></span> <span class='ocrx_word' id='word_1_356' title='bbox 387 4371 465 4428; x_wconf 90' lang='lat' dir='ltr'><strong>docti</strong></span> <span class='ocrx_word' id='word_1_357' title='bbox 495 4389 591 4446; x_wconf 90' lang='lat' dir='ltr'><strong>neque</strong></span> <span class='ocrx_word' id='word_1_358' title='bbox 619 4371 739 4429; x_wconf 89' lang='lat' dir='ltr'><strong>iucundi</strong></span> <span class='ocrx_word' id='word_1_359' title='bbox 772 4371 939 4446; x_wconf 89' lang='lat' dir='ltr'><strong>aurigarum</strong></span> <span class='ocrx_word' id='word_1_360' title='bbox 975 4370 1056 4427; x_wconf 90' lang='lat' dir='ltr'><strong>urbis</strong></span> <span class='ocrx_word' id='word_1_361' title='bbox 1082 4369 1197 4428; x_wconf 87' lang='lat' dir='ltr'><strong>Romae</strong></span> <span class='ocrx_word' id='word_1_362' title='bbox 1231 4369 1342 4445; x_wconf 80' lang='lat' dir='ltr'><strong>uanue</strong></span> 
     </span>
     <span class='ocr_line' id='line_1_35' title="bbox 36 4471 1341 4548; baseline 0.002 -23"><span class='ocrx_word' id='word_1_363' title='bbox 36 4479 114 4526; x_wconf 77' lang='lat' dir='ltr'><strong>turum</strong></span> <span class='ocrx_word' id='word_1_364' title='bbox 139 4471 260 4529; x_wconf 84' lang='lat' dir='ltr'><strong>fortuna</strong></span> <span class='ocrx_word' id='word_1_365' title='bbox 288 4473 330 4530; x_wconf 90' lang='lat' dir='ltr'><strong>ita</strong></span> <span class='ocrx_word' id='word_1_366' title='bbox 356 4473 504 4544; x_wconf 87' lang='lat' dir='ltr'><strong>arriserit,</strong></span> <span class='ocrx_word' id='word_1_367' title='bbox 532 4483 564 4532; x_wconf 90' lang='lat' dir='ltr'><strong>ot</strong></span> <span class='ocrx_word' id='word_1_368' title='bbox 591 4483 745 4548; x_wconf 87' lang='lat' dir='ltr'><strong>poetarum</strong></span> <span class='ocrx_word' id='word_1_369' title='bbox 771 4473 822 4548; x_wconf 92' lang='lat' dir='ltr'><strong>qui</strong></span> <span class='ocrx_word' id='word_1_370' title='bbox 852 4472 940 4530; x_wconf 89' lang='lat' dir='ltr'><strong>hodie</strong></span> <span class='ocrx_word' id='word_1_371' title='bbox 967 4471 1045 4548; x_wconf 89' lang='lat' dir='ltr'><strong>apud</strong></span> <span class='ocrx_word' id='word_1_372' title='bbox 1073 4491 1129 4530; x_wconf 91' lang='lat' dir='ltr'><strong>nos</strong></span> <span class='ocrx_word' id='word_1_373' title='bbox 1157 4480 1228 4529; x_wconf 89' lang='lat' dir='ltr'><strong>sunt</strong></span> <span class='ocrx_word' id='word_1_374' title='bbox 1254 4471 1341 4529; x_wconf 85' lang='lat' dir='ltr'><strong>facile</strong></span> 
     </span>
     <span class='ocr_line' id='line_1_36' title="bbox 35 4567 1341 4658; baseline 0.003 -32"><span class='ocrx_word' id='word_1_375' title='bbox 35 4567 151 4650; x_wconf 82' lang='lat' dir='ltr'><strong>princeps</strong></span> <span class='ocrx_word' id='word_1_376' title='bbox 173 4593 241 4632; x_wconf 86' lang='lat' dir='ltr'><strong>eum</strong></span> <span class='ocrx_word' id='word_1_377' title='bbox 265 4592 320 4632; x_wconf 90' lang='lat' dir='ltr'><strong>suo</strong></span> <span class='ocrx_word' id='word_1_378' title='bbox 342 4577 586 4658; x_wconf 84' lang='lat' dir='ltr'><strong>commentariolo</strong></span> <span class='ocrx_word' id='word_1_379' title='bbox 608 4575 775 4644; x_wconf 88' lang='lat' dir='ltr'><strong>illustrarit,</strong></span> <span class='ocrx_word' id='word_1_380' title='bbox 804 4574 936 4652; x_wconf 84' lang='lat' dir='ltr'><strong>collegae</strong></span> <span class='ocrx_word' id='word_1_381' title='bbox 959 4574 1022 4632; x_wconf 90' lang='lat' dir='ltr'><strong>eius</strong></span> <span class='ocrx_word' id='word_1_382' title='bbox 1045 4571 1199 4632; x_wconf 84' lang='lat' dir='ltr'><strong>Crescenti</strong></span> <span class='ocrx_word' id='word_1_383' title='bbox 1221 4573 1341 4631; x_wconf 90' lang='lat' dir='ltr'><strong>nomine</strong></span> 
     </span>
     <span class='ocr_line' id='line_1_37' title="bbox 35 4666 1340 4754; baseline 0.005 -26"><span class='ocrx_word' id='word_1_384' title='bbox 35 4666 93 4728; x_wconf 62' lang='lat' dir='ltr'><strong>&amp;deo</strong></span> <span class='ocrx_word' id='word_1_385' title='bbox 115 4676 266 4746; x_wconf 88' lang='lat' dir='ltr'><strong>successit,</strong></span> <span class='ocrx_word' id='word_1_386' title='bbox 295 4685 327 4734; x_wconf 89' lang='lat' dir='ltr'><strong>ut</strong></span> <span class='ocrx_word' id='word_1_387' title='bbox 352 4677 471 4736; x_wconf 87' lang='lat' dir='ltr'><strong>titulum</strong></span> <span class='ocrx_word' id='word_1_388' title='bbox 498 4679 561 4736; x_wconf 89' lang='lat' dir='ltr'><strong>eius</strong></span> <span class='ocrx_word' id='word_1_389' title='bbox 588 4697 684 4754; x_wconf 89' lang='lat' dir='ltr'><strong>nuper</strong></span> <span class='ocrx_word' id='word_1_390' title='bbox 705 4677 819 4734; x_wconf 88' lang='lat' dir='ltr'><strong>Romae</strong></span> <span class='ocrx_word' id='word_1_391' title='bbox 846 4676 1031 4735; x_wconf 89' lang='lat' dir='ltr'><strong>eruderatum</strong></span> <span class='ocrx_word' id='word_1_392' title='bbox 1055 4677 1152 4753; x_wconf 91' lang='lat' dir='ltr'><strong>prima</strong></span> <span class='ocrx_word' id='word_1_393' title='bbox 1174 4675 1276 4734; x_wconf 89' lang='lat' dir='ltr'><strong>ederet</strong></span> <span class='ocrx_word' id='word_1_394' title='bbox 1297 4675 1340 4734; x_wconf 92' lang='lat' dir='ltr'><strong>in-</strong></span> 
     </span>
     <span class='ocr_line' id='line_1_38' title="bbox 35 4775 1340 4854; baseline 0.002 -23"><span class='ocrx_word' id='word_1_395' title='bbox 35 4775 225 4848; x_wconf 79' lang='lat' dir='ltr'><strong>terpretatione</strong></span> <span class='ocrx_word' id='word_1_396' title='bbox 251 4779 354 4836; x_wconf 87' lang='lat' dir='ltr'><strong>addita</strong></span> <span class='ocrx_word' id='word_1_397' title='bbox 379 4798 440 4837; x_wconf 91' lang='lat' dir='ltr'><strong>non</strong></span> <span class='ocrx_word' id='word_1_398' title='bbox 466 4779 561 4837; x_wconf 90' lang='lat' dir='ltr'><strong>solum</strong></span> <span class='ocrx_word' id='word_1_399' title='bbox 589 4779 725 4854; x_wconf 88' lang='lat' dir='ltr'><strong>eleganti,</strong></span> <span class='ocrx_word' id='word_1_400' title='bbox 753 4779 805 4835; x_wconf 91' lang='lat' dir='ltr'><strong>sed</strong></span> <span class='ocrx_word' id='word_1_401' title='bbox 832 4779 920 4836; x_wconf 90' lang='lat' dir='ltr'><strong>etiam</strong></span> <span class='ocrx_word' id='word_1_402' title='bbox 944 4779 1046 4836; x_wconf 89' lang='lat' dir='ltr'><strong>subtili</strong></span> <span class='ocrx_word' id='word_1_403' title='bbox 1068 4778 1174 4836; x_wconf 89' lang='lat' dir='ltr'><strong>mulier</strong></span> <span class='ocrx_word' id='word_1_404' title='bbox 1194 4777 1340 4853; x_wconf 81' lang='lat' dir='ltr'><strong>Imprimis</strong></span> 
     </span>
     <span class='ocr_line' id='line_1_39' title="bbox 36 4875 1339 4957; baseline 0.004 -24"><span class='ocrx_word' id='word_1_405' title='bbox 36 4878 57 4925; x_wconf 76' lang='lat' dir='ltr'><strong>ti</strong></span> <span class='ocrx_word' id='word_1_406' title='bbox 77 4875 169 4954; x_wconf 89' lang='lat' dir='ltr'><strong>lepida</strong></span> <span class='ocrx_word' id='word_1_407' title='bbox 196 4891 226 4937; x_wconf 87' lang='lat' dir='ltr'><strong>et</strong></span> <span class='ocrx_word' id='word_1_408' title='bbox 252 4880 339 4937; x_wconf 91' lang='lat' dir='ltr'><strong>docta</strong></span> <span class='ocrx_word' id='word_1_409' title='bbox 366 4899 460 4957; x_wconf 88' lang='lat' dir='ltr'><strong>eaque</strong></span> <span class='ocrx_word' id='word_1_410' title='bbox 483 4881 664 4939; x_wconf 87' lang='lat' dir='ltr'><strong>descendens</strong></span> <span class='ocrx_word' id='word_1_411' title='bbox 687 4881 815 4938; x_wconf 83' lang='lat' dir='ltr'><strong>sortasse</strong></span> <span class='ocrx_word' id='word_1_412' title='bbox 838 4900 876 4938; x_wconf 88' lang='lat' dir='ltr'><strong>ex</strong></span> <span class='ocrx_word' id='word_1_413' title='bbox 898 4879 1000 4957; x_wconf 88' lang='lat' dir='ltr'><strong>aliqua</strong></span> <span class='ocrx_word' id='word_1_414' title='bbox 1022 4880 1187 4957; x_wconf 91' lang='lat' dir='ltr'><strong>puellarum</strong></span> <span class='ocrx_word' id='word_1_415' title='bbox 1210 4881 1339 4954; x_wconf 88' lang='lat' dir='ltr'><strong>illarum,</strong></span> 
     </span>
     <span class='ocr_line' id='line_1_40' title="bbox 35 4979 1340 5060; baseline 0.003 -24"><span class='ocrx_word' id='word_1_416' title='bbox 35 4989 94 5046; x_wconf 81' lang='lat' dir='ltr'><strong>quae</strong></span> <span class='ocrx_word' id='word_1_417' title='bbox 113 4981 196 5059; x_wconf 88' lang='lat' dir='ltr'><strong>ipsae</strong></span> <span class='ocrx_word' id='word_1_418' title='bbox 219 4982 278 5056; x_wconf 81' lang='lat' dir='ltr'><strong>Ipsi</strong></span> <span class='ocrx_word' id='word_1_419' title='bbox 301 4979 455 5042; x_wconf 89' lang='lat' dir='ltr'><strong>Crescenti</strong></span> <span class='ocrx_word' id='word_1_420' title='bbox 478 4993 546 5042; x_wconf 89' lang='lat' dir='ltr'><strong>ante</strong></span> <span class='ocrx_word' id='word_1_421' title='bbox 569 4983 687 5042; x_wconf 89' lang='lat' dir='ltr'><strong>saecula</strong></span> <span class='ocrx_word' id='word_1_422' title='bbox 709 4983 894 5060; x_wconf 89' lang='lat' dir='ltr'><strong>plauserunt.</strong></span> <span class='ocrx_word' id='word_1_423' title='bbox 938 4983 971 5040; x_wconf 88' lang='lat' dir='ltr'><strong>Ia</strong></span> <span class='ocrx_word' id='word_1_424' title='bbox 992 4981 1098 5041; x_wconf 85' lang='lat' dir='ltr'><strong>titulus</strong></span> <span class='ocrx_word' id='word_1_425' title='bbox 1121 4991 1256 5060; x_wconf 90' lang='lat' dir='ltr'><strong>repertus</strong></span> <span class='ocrx_word' id='word_1_426' title='bbox 1278 4981 1340 5040; x_wconf 88' lang='lat' dir='ltr'><strong>Ro·</strong></span> 
     </span>
     <span class='ocr_line' id='line_1_41' title="bbox 36 5083 1340 5156; baseline 0.005 -20"><span class='ocrx_word' id='word_1_427' title='bbox 36 5092 86 5136; x_wconf 79' lang='lat' dir='ltr'><strong>mae</strong></span> <span class='ocrx_word' id='word_1_428' title='bbox 105 5083 130 5140; x_wconf 93' lang='lat' dir='ltr'><strong>d.</strong></span> <span class='ocrx_word' id='word_1_429' title='bbox 147 5083 195 5143; x_wconf 77' lang='lat'><strong>20.</strong></span> <span class='ocrx_word' id='word_1_430' title='bbox 212 5084 282 5141; x_wconf 87' lang='lat' dir='ltr'><strong>Mai.</strong></span> <span class='ocrx_word' id='word_1_431' title='bbox 307 5103 333 5141; x_wconf 89' lang='lat' dir='ltr'><strong>a.</strong></span> <span class='ocrx_word' id='word_1_432' title='bbox 354 5083 431 5143; x_wconf 86' lang='grc'>1878</span> <span class='ocrx_word' id='word_1_433' title='bbox 453 5085 484 5143; x_wconf 90' lang='lat' dir='ltr'><strong>in</strong></span> <span class='ocrx_word' id='word_1_434' title='bbox 507 5085 610 5144; x_wconf 90' lang='lat' dir='ltr'><strong>cloaca</strong></span> <span class='ocrx_word' id='word_1_435' title='bbox 633 5084 669 5142; x_wconf 90' lang='lat' dir='ltr'><strong>ad</strong></span> <span class='ocrx_word' id='word_1_436' title='bbox 692 5085 770 5144; x_wconf 82' lang='lat' dir='ltr'><strong>viam</strong></span> <span class='ocrx_word' id='word_1_437' title='bbox 786 5084 886 5156; x_wconf 88' lang='lat' dir='ltr'><strong>Pacis,</strong></span> <span class='ocrx_word' id='word_1_438' title='bbox 908 5084 1004 5142; x_wconf 88' lang='lat' dir='ltr'><strong>editus</strong></span> <span class='ocrx_word' id='word_1_439' title='bbox 1027 5092 1124 5142; x_wconf 88' lang='lat' dir='ltr'><strong>autem</strong></span> <span class='ocrx_word' id='word_1_440' title='bbox 1147 5103 1165 5141; x_wconf 90' lang='lat' dir='ltr'><strong>a</strong></span> <span class='ocrx_word' id='word_1_441' title='bbox 1186 5084 1340 5142; x_wconf 88' lang='lat' dir='ltr'><strong>comitissa</strong></span> 
     </span>
     <span class='ocr_line' id='line_1_42' title="bbox 34 5173 1338 5264; baseline 0.008 -30"><span class='ocrx_word' id='word_1_442' title='bbox 34 5173 144 5244; x_wconf 78' lang='lat' dir='ltr'><strong>HersIlia</strong></span> <span class='ocrx_word' id='word_1_443' title='bbox 166 5185 292 5244; x_wconf 90' lang='lat' dir='ltr'><strong>Caetani</strong></span> <span class='ocrx_word' id='word_1_444' title='bbox 314 5185 462 5244; x_wconf 79' lang='lat' dir='ltr'><strong>Louatelli</strong></span> <span class='ocrx_word' id='word_1_445' title='bbox 484 5187 514 5244; x_wconf 91' lang='lat' dir='ltr'><strong>in</strong></span> <span class='ocrx_word' id='word_1_446' title='bbox 537 5187 726 5264; x_wconf 89' lang='lat' dir='ltr'><strong>ephemeride</strong></span> <span class='ocrx_word' id='word_1_447' title='bbox 742 5187 900 5245; x_wconf 78' lang='lat' dir='ltr'><strong>Bullettr&#39;no</strong></span> <span class='ocrx_word' id='word_1_448' title='bbox 916 5187 994 5245; x_wconf 83' lang='lat' dir='ltr'><strong>della</strong></span> <span class='ocrx_word' id='word_1_449' title='bbox 1013 5190 1205 5246; x_wconf 72' lang='lat' dir='ltr'><strong>commissione</strong></span> <span class='ocrx_word' id='word_1_450' title='bbox 1224 5187 1338 5244; x_wconf 84' lang='lat' dir='ltr'><strong>archeo-</strong></span> 
     </span>
     <span class='ocr_line' id='line_1_43' title="bbox 35 5277 1214 5368; baseline 0.004 -28"><span class='ocrx_word' id='word_1_451' title='bbox 35 5277 108 5355; x_wconf 78' lang='lat' dir='ltr'><strong>lqaa</strong></span> <span class='ocrx_word' id='word_1_452' title='bbox 130 5290 277 5348; x_wconf 81' lang='lat' dir='ltr'><strong>comaaale</strong></span> <span class='ocrx_word' id='word_1_453' title='bbox 299 5293 329 5346; x_wconf 82' lang='lat' dir='ltr'><strong>ia</strong></span> <span class='ocrx_word' id='word_1_454' title='bbox 350 5289 443 5348; x_wconf 84' lang='lat' dir='ltr'><strong>Roma</strong></span> <span class='ocrx_word' id='word_1_455' title='bbox 466 5307 493 5347; x_wconf 86' lang='lat' dir='ltr'><strong>a.</strong></span> <span class='ocrx_word' id='word_1_456' title='bbox 518 5289 535 5347; x_wconf 90' lang='grc'>6</span> <span class='ocrx_word' id='word_1_457' title='bbox 558 5289 669 5366; x_wconf 84' lang='grc'>(1878)</span> <span class='ocrx_word' id='word_1_458' title='bbox 691 5309 720 5366; x_wconf 87' lang='lat' dir='ltr'><strong>p.</strong></span> <span class='ocrx_word' id='word_1_459' title='bbox 739 5290 797 5349; x_wconf 83' lang='lat'><strong>164</strong></span> <span class='ocrx_word' id='word_1_460' title='bbox 809 5307 887 5366; x_wconf 85' lang='lat' dir='ltr'><strong>seq,</strong></span> <span class='ocrx_word' id='word_1_461' title='bbox 911 5290 954 5348; x_wconf 89' lang='lat' dir='ltr'><strong>sic</strong></span> <span class='ocrx_word' id='word_1_462' title='bbox 977 5298 1136 5368; x_wconf 86' lang='lat' dir='ltr'><strong>conceptus</strong></span> <span class='ocrx_word' id='word_1_463' title='bbox 1159 5296 1214 5346; x_wconf 86' lang='lat' dir='ltr'><strong>est.</strong></span> 
     </span>
    </p>
   </div>
   <div class='ocr_carea' id='block_1_5' title="bbox 0 0 1702 5976">
    <p class='ocr_par' dir='ltr' id='par_1_5' title="bbox 0 0 1702 5976">
     <span class='ocr_line' id='line_1_44' title="bbox 0 0 1702 5976; baseline 0 0"><span class='ocrx_word' id='word_1_464' title='bbox 0 0 1702 5976; x_wconf 95' lang='lat' dir='ltr'><strong> </strong></span> 
     </span>
    </p>
   </div>
  </div>
 </body>
</html>
