3394 5976
31 519 34 570 ἶ
75 559 183 610 rserss
579 557 662 610 von.
678 558 717 608 vr
739 557 846 610 esur.
862 559 886 608 1.
1325 543 1398 614 275

72 729 134 790 780
164 731 200 788 de
230 751 261 790 n.
275 731 334 790 971
363 730 563 808 intellegenda
588 739 657 789 sunt
683 732 773 789 verba
795 730 953 803 Fabrettih
984 751 1061 808 quae
1087 753 1187 792 errore
1214 733 1253 791 ad
1279 734 1398 794 titulum

104 832 305 892 Trebulanum
334 831 439 907 (supra
464 853 494 892 n.
509 831 569 890 724
590 858 626 882 =
646 833 705 904 Vl,
724 833 800 908 116)
827 833 995 892 rettulimus
1021 829 1184 894 'christiani
1206 835 1244 892 ad
1267 836 1398 895 loculum

103 936 273 994 coemeterii
295 932 417 994 Callisti
444 933 643 1012 (intellegitur
669 935 876 994 coemeterium
905 953 1000 1013 prope
1027 934 1059 996 S.
1081 934 1271 1012 Sebastiani)
1298 949 1398 998 conte·

103 1037 229 1113 gendum
257 1041 304 1096 usi
331 1045 416 1108 sunt,
444 1035 555 1096 ibidem
582 1037 660 1095 enim
689 1037 745 1096 suh
768 1037 855 1095 vinea
876 1035 1010 1096 Fidentii
1037 1037 1176 1097 adriam
1200 1039 1329 1116 Appiam
1353 1061 1398 1099 re·

103 1140 163 1214 peri
186 1149 217 1198 et
240 1133 382 1198 extraxi’.

69 1347 125 1407 781
146 1350 346 1428 fragmentum
369 1347 490 1407 tabulae
512 1367 698 1408 marmoreae
721 1350 828 1408 litteris
851 1350 978 1426 magnis,
1002 1350 1054 1408 sed
1074 1370 1133 1410 non
1153 1351 1250 1410 bonis.
1280 1352 1396 1412 Veson-

103 1453 179 1510 tione
205 1452 238 1510 in
266 1469 385 1522 museo,
413 1451 560 1510 collection
581 1452 615 1510 de
637 1452 698 1511 Mr.
722 1452 819 1510 Paris.
865 1451 923 1510 Hic
945 1454 1111 1530 recepimus
1133 1453 1214 1528 quod
1236 1472 1314 1529 quae
1337 1455 1397 1512 col·

101 1553 171 1629 legit
192 1553 348 1624 Peneius,
376 1569 444 1610 eum
466 1571 504 1610 ex
529 1553 601 1611 urbe
622 1553 759 1613 attulisse
781 1563 907 1613 constat.
953 1551 1013 1612 Sed
1035 1574 1102 1612 enm
1126 1573 1232 1630 parum
1254 1553 1396 1615 credibile

103 1657 140 1712 sit
160 1639 213 1712 illa
236 1663 334 1714 aetate
357 1655 504 1714 urbanum
527 1655 675 1714 hominem
699 1656 863 1716 Troianum
886 1667 916 1715 et
938 1656 1103 1716 Traianum
1127 1657 1314 1730 confudisse,
1336 1658 1396 1716 for·

101 1764 182 1816 tasse
205 1757 395 1818 statuendum
417 1755 547 1832 lapidem
571 1757 693 1818 aliunde
714 1759 744 1816 in
767 1759 868 1816 urbem
891 1757 1046 1818 advectum
1070 1777 1144 1818 esse.

540 1911 599 1963 irnp.
637 1923 667 1952 co
698 1911 778 1954 shut
806 1910 882 1952 DlVl

541 2015 625 2055 traiani
652 2025 668 2067 p
696 2013 788 2056 arluc
811 2027 818 2040 ·
841 2012 881 2054 Fll.

536 2117 583 2158 erut
612 2127 638 2157 aa
659 2107 909 2159 .vae·r’e·rs01a
951 2117 983 2158 are

62 2357 225 2436 Descripsit
254 2358 439 2418 Hirschfeld.
492 2358 648 2433 Catolopae
677 2357 712 2414 de
739 2356 770 2414 lo
797 2356 983 2433 bibliotheque
1012 2357 1046 2416 de
1074 2358 1135 2417 Mr.
1165 2358 1256 2418 Par-is
1284 2380 1313 2436 p.
1334 2361 1390 2420 199

62 2479 86 2516 n.
103 2461 170 2520 305.

63 2666 125 2726 ’182
150 2667 327 2745 ‘frammento
350 2673 381 2729 di
403 2672 496 2731 lustro
516 2689 688 2742 mamerco,
709 2688 809 2746 moseo
832 2689 868 2728 m.
887 2671 987 2740 0,08.5‚
1011 2671 1096 2746 tanqu
1121 2670 1204 2742 dee,
1226 2672 1388 2742 8118028,

98 2781 205 2832 trovato
231 2774 278 2831 nel
303 2793 376 2832 mese
402 2776 434 2832 cli
458 2773 552 2850 aprile
573 2774 658 2832 1878
684 2773 881 2848 sparpandoei
907 2773 937 2830 le
958 2773 1088 2832 chinsica
1111 2773 1159 2831 che
1181 2775 1341 2832 conducente
1364 2775 1389 2832 le

97 2891 183 2949 acque
208 2875 260 2933 dol
284 2877 371 2934 dinae
394 2877 425 2933 di
446 2865 581 2934 Adriano
606 2875 639 2932 ol
661 2876 823 2934 cliooicone
843 2883 966 2932 moestro
988 2875 1067 2934 delle
1087 2879 1134 2932 oio
1157 2869 1254 2934 sooo’
1277 2875 1387 2946 Leno„

97 2976 231 3035 similiter
260 2977 350 3036 Fron.
393 2977 482 3036 Nunc
510 2987 646 3036 servator
672 2979 704 3034 in
732 2975 764 3036 S.
791 2975 971 3035 Franciseae
996 2976 1152 3035 Romanae
1177 2977 1209 3036 in
1236 2977 1388 3052 repositis.

97 3075 227 3138 Litterae
249 3079 336 3138 valde
359 3095 508 3139 corrosae.
769 3153 792 3232 χ

548 3223 611 3264 llll?
633 3237 640 3250 ·
664 3223 799 3266 CAESA.

548 3323 723 3368 uanutanvs
741 3339 747 3352 ·
768 3327 787 3366 Α
817 3337 830 3374 q

548 3453 671 3469 ........
682 3429 707 3469 .l
722 3440 730 3455 ·
747 3427 831 3470 PONt.
849 3439 902 3469 mox

61 3565 225 3647 Descripsit
252 3567 347 3628 Gatti.
389 3567 537 3626 Lancieni
562 3567 630 3626 dull.
654 3568 733 3626 arch.
759 3586 827 3625 com.
853 3566 932 3626 1878
955 3585 984 3644 p.
1001 3567 1056 3638 96,
1077 3567 1110 3637 5;
1138 3566 1263 3626 Fiorelli
1285 3571 1386 3627 notizie

63 3669 133 3730 1878
156 3691 184 3748 p.
201 3669 251 3730 92.

63 3875 124 3937 788
145 3881 183 3939 ad
205 3881 346 3939 189808.
391 3881 469 3938 Esse
491 3881 606 3958 origine
627 3879 813 3938 Lanuvinam
837 3879 950 3938 monuit
972 3879 1102 3938 Dessau.

64 4085 126 4148 784
146 4091 184 4149 ad
206 4111 235 4149 n.
252 4089 322 4150 982.
366 4089 424 4149 Est
445 4091 561 4166 origine
583 4089 741 4147 Tiburtina
763 4090 924 4148 secundnm
940 4089 1083 4164 Vulpium
1106 4087 1173 4147 Lat.
1192 4089 1241 4161 10,
1256 4087 1327 4148 422.

64 4293 122 4356 785
143 4299 330 4359 adn.1002.
366 4299 449 4360 Inter
469 4297 573 4357 titulos
595 4301 625 4357 in
647 4299 714 4358 loro
728 4298 865 4357 Romano
888 4307 1023 4375 repertos
1045 4298 1136 4357 relert
1153 4297 1262 4356 Iordan
1282 4299 1380 4374 eph.3

97 4420 123 4476 p.
136 4400 194 4462 286
211 4421 239 4460 n.
253 4401 292 4460 74
314 4419 353 4458 ex
377 4401 548 4460 testimonio
564 4400 680 4477 Ligerii
701 4401 732 4458 in
752 4399 839 4460 codd.
855 4399 1023 4459 Bodleiano
1042 4407 1072 4457 et
1087 4399 1268 4458 Taurinensi
1283 4400 1384 4459 dicen-

96 4502 131 4562 tis
151 4513 301 4580 repertum
324 4502 516 4562 antecedam
535 4503 681 4561 Antonini
705 4513 734 4560 et
755 4501 919 4560 Faustinae
941 4509 971 4558 et
991 4519 1048 4560 nos
1071 4502 1202 4560 editores
1224 4503 1381 4580 reprehen-

96 4603 144 4676 dit,
165 4605 245 4682 quod
268 4605 360 4664 verbe
380 4604 495 4684 Ligorii
518 4623 578 4664 non
598 4605 715 4681 integra
736 4604 898 4662 attulimus.
939 4601 999 4661 Sed
1021 4603 1094 4661 nihil
1117 4603 1256 4663 usitatius
1277 4603 1309 4662 in
1329 4602 1382 4661 Li-

96 4708 176 4781 gurio
201 4726 293 4783 quam
321 4707 358 4765 de
386 4707 482 4766 titulis
507 4707 558 4783 qni
584 4707 614 4766 in
643 4707 744 4782 aliqua
771 4706 860 4764 domo
887 4705 1002 4764 urbana
1029 4713 1166 4764 extarent
1191 4706 1304 4784 lingere
1330 4705 1381 4764 ubi

95 4810 201 4885 reperti
226 4817 342 4870 essent:
371 4817 401 4867 et
428 4810 485 4867 hoc
511 4810 713 4868 testimoninm
740 4827 775 4866 eo
802 4807 898 4883 magis
927 4807 1127 4884 spernendum
1155 4814 1215 4878 est,
1244 4805 1324 4883 quod
1351 4816 1382 4866 at

96 4912 231 4988 scriptum
253 4921 302 4970 est
321 4911 353 4969 in
374 4911 460 4970 libris
482 4931 521 4970 ex
543 4911 757 4988 orthographia
776 4910 904 4969 Manutii
926 4908 1006 4968 edite
1026 4929 1053 4968 a.
1069 4907 1147 4968 1566
1170 4907 1380 4986 pendentibus,

94 5029 158 5072 cum
179 5013 263 5072 hasis
284 5013 354 5090 ipsa
372 5013 432 5070 iam
454 5013 575 5072 81547
596 5014 628 5072 in
649 5013 771 5071 aedibus
786 5011 976 5072 Maffeiorum
999 5010 1147 5087 descripta
1167 5017 1197 5068 et
1211 5029 1230 5070 a
1244 5009 1379 5068 Manutio

96 5115 170 5173 edita
190 5123 281 5184 esset,
303 5123 333 5174 et
353 5123 585 5174 consentaneum
608 5123 655 5172 est
668 5113 824 5191 Ligerium
845 5112 944 5173 dicere
965 5113 1062 5173 basim
1076 5112 1229 5172 Antonino
1249 5111 1379 5170 dicatam

96 5225 238 5292 repertam
262 5234 330 5277 esse
352 5224 421 5276 ante
443 5217 507 5276 eius
530 5215 643 5278 aedem.
