3532 5964
326 453 347 522 2
613 477 797 530 nouusnu
824 479 1119 532 nnunsonocrvu
1146 480 1376 532 snumsuvu.

325 649 477 724 antiquam
505 659 606 708 uotam
634 652 808 722 desiderari,
836 653 912 712 duos
940 653 1042 729 (Mart.
1059 652 1108 713 27.
1129 657 1204 729 Apr.
1222 652 1276 729 28)
1302 651 1502 711 Caeretanum
1533 653 1576 727 (v.
1594 654 1668 730 eph.

324 750 384 806 vol.
401 751 449 808 III
471 771 499 827 p.
522 751 570 828 8),
597 753 655 810 hoc
676 754 910 830 hemerologium
932 757 1051 812 tertium
1077 755 1199 813 sustulit
1222 773 1317 830 neque
1346 755 1406 813 iam
1435 765 1590 813 remanent
1616 755 1668 812 in-

323 853 397 910 certi
423 855 483 911 nisi
512 873 618 912 norem
645 855 733 914 Febr.
757 856 787 914 5.
820 855 906 914 Mart.
924 857 952 914 6.
987 859 1060 933 Apr.
1078 858 1106 916 6.
1140 855 1197 914 Iul.
1215 858 1243 914 4.
1270 859 1349 933 Aug.
1369 859 1395 914 1.
1413 855 1441 916 2.
1476 855 1558 934 Sept.
1578 855 1606 914 2.
1631 857 1665 916 3.

325 953 394 1012 Oct.
414 953 460 1012 12.
477 955 619 1014 —Unde
641 958 857 1016 consectarium
881 965 927 1016 est
948 957 1042 1017 fastos
1058 958 1212 1016 Allifanus
1234 959 1347 1035 pariter
1367 967 1456 1034 atque
1473 956 1665 1017 Caeretanos

323 1055 366 1112 ita
381 1057 508 1134 scriptos
524 1075 601 1131 esse,
629 1067 662 1117 ut
677 1059 791 1118 dierum
807 1069 879 1117 nota
893 1061 1016 1135 antiqua
1030 1061 1218 1131 retineretur,
1241 1059 1312 1118 licet
1326 1060 1462 1119 condicio
1478 1060 1538 1118 diei
1554 1069 1666 1136 postea

322 1159 441 1234 publice
464 1169 580 1218 mutata
600 1169 694 1232 esset3
718 1181 787 1220 nam
809 1179 927 1238 pugnae
949 1161 1146 1220 Pharsalioae
1167 1161 1258 1220 ferias
1281 1162 1341 1238 ipsi
1364 1161 1538 1220 adscribunt
1563 1179 1665 1237 neque

322 1262 459 1332 omnino,
489 1263 546 1320 etsi
573 1281 632 1319 non
659 1263 878 1336 adscriberent,
909 1264 947 1321 ad
974 1273 1092 1340 tempus
1118 1283 1182 1322 earn
1212 1281 1342 1341 pugnam
1370 1264 1551 1341 praecedens
1578 1275 1663 1322 recte

321 1361 511 1421 referrentur.
555 1363 692 1438 Eamque
714 1365 809 1440 legem
825 1385 893 1424 vere
915 1367 947 1423 in
969 1367 1007 1424 iis
1030 1365 1117 1424 fastis
1136 1375 1282 1442 perpetuo
1303 1366 1484 1424 custoditam
1500 1382 1568 1424 esse
1589 1365 1663 1422 inde

321 1464 523 1538 confirmatur,
546 1466 625 1542 quod
648 1467 724 1525 alter
746 1467 810 1524 dies
833 1466 966 1525 eiusdem
990 1467 1175 1526 condicionis
1197 1468 1229 1526 in
1248 1467 1334 1526 fastis
1350 1467 1493 1526 Allifanis
1509 1477 1662 1538 serratus,

324 1567 437 1626 scilicet
459 1571 539 1644 Aug.
561 1567 610 1641 28,
635 1576 758 1645 propter
780 1588 862 1626 aram
884 1569 1038 1628 Victoriae
1063 1569 1230 1628 dedicatam
1259 1588 1284 1626 a.
1303 1567 1362 1628 725
1390 1587 1429 1627 ex
1456 1569 1661 1628 comitialibus

321 1681 480 1744 exemptus
504 1679 534 1728 et
554 1671 665 1728 relatus
688 1671 766 1728 inter
786 1671 919 1742 feriatos,
941 1671 971 1728 in
994 1671 1101 1730 iisdem
1121 1671 1191 1729 item
1216 1671 1375 1729 comitialis
1398 1681 1453 1729 est
1497 1669 1577 1730 Nam
1599 1681 1662 1730 ter-

322 1771 395 1828 tium
411 1771 491 1848 Aug.
511 1773 548 1830 10
570 1790 629 1830 non
652 1789 774 1831 numero
797 1771 935 1831 feriatum
957 1773 1069 1832 factum
1092 1791 1171 1830 anno
1195 1779 1227 1830 ut
1248 1772 1366 1831 ridetur
1386 1792 1416 1849 p.
1433 1770 1538 1830 Chr?
1565 1793 1659 1849 prop-

321 1881 367 1929 ter
393 1890 462 1930 aras
486 1871 589 1932 Cereri
616 1883 644 1932 et
666 1874 727 1950 Opi
749 1873 916 1946 dedicatam
944 1893 995 1932 eas
1023 1875 1101 1934 enim
1124 1874 1215 1934 ferias
1241 1873 1312 1933 lasti
1333 1873 1456 1932 Allilani
1479 1893 1546 1932 cnm
1568 1876 1660 1933 omit·

321 1983 394 2046 tant,
417 1983 486 2033 ante
508 1976 687 2035 constitutas
710 1975 802 2034 ferias
823 1994 875 2033 eas
899 1977 1044 2052 propositi
1067 1975 1128 2035 sint
1149 1995 1272 2035 necesse
1293 1984 1348 2034 est.

404 2075 491 2150 Quae
514 2096 606 2153 supra
627 2079 831 2154 exposuimus,
854 2079 975 2136 maioris
998 2079 1139 2137 momenti
1161 2078 1289 2148 fortasse
1312 2087 1381 2136 sunt
1402 2096 1490 2153 quam
1518 2078 1660 2138 videntur

321 2195 398 2236 esse.
433 2177 554 2238 Scilicet
576 2199 671 2256 nuper
685 2179 834 2238 Iordanes
857 2185 887 2238 in
910 2181 1039 2258 egregiis
1062 2181 1098 2238 de
1121 2179 1321 2258 topographia
1342 2179 1424 2238 urbis
1438 2179 1554 2238 Romae
1575 2199 1659 2238 com-

321 2281 476 2339 mentariis
504 2281 543 2356 (I,
566 2280 626 2340 409
649 2280 727 2358 seq.)
754 2281 784 2338 id
807 2282 886 2357 quod
909 2292 999 2340 antea
1019 2282 1082 2340 fere
1104 2281 1256 2340 obtinebat
1283 2281 1398 2358 etipse
1420 2299 1538 2358 quoque
1561 2282 1658 2340 admi·

320 2390 401 2440 serat
422 2394 541 2460 pontem
557 2383 719 2440 Aemilium
741 2403 768 2440 a.
784 2381 842 2440 732
858 2383 905 2442 vel
921 2385 938 2440 7
943 2384 981 2442 33
1004 2385 1114 2442 factum
1130 2401 1207 2455 esse,
1229 2383 1298 2441 ideo
1313 2384 1424 2454 reiecit,
1447 2384 1527 2459 quod
1543 2383 1657 2442 mentio

321 2484 386 2542 eius
408 2485 443 2542 fit
469 2485 500 2542 in
524 2485 613 2543 fastis
635 2485 681 2542 his
705 2485 797 2563 (Aug.
818 2485 884 2560 17);
914 2503 967 2543 eos
996 2485 1074 2543 enim
1105 2496 1227 2562 propter
1248 2485 1308 2544 diei
1330 2487 1410 2562 Aug.
1427 2483 1466 2544 28
1493 2495 1596 2544 nomm
1623 2495 1656 2544 et

322 2605 379 2663 ego
407 2584 456 2660 (C.
480 2585 713 2663 v01.1p.294)
742 2587 879 2646 dixeram
909 2597 938 2646 et
963 2586 1112 2646 lordanns
1141 2587 1261 2646 tenebat
1293 2588 1465 2664 propositos
1492 2605 1560 2646 esse
1586 2597 1658 2646 ante

321 2706 348 2746 a.
365 2709 393 2746 u.
409 2707 434 2745 c.
453 2687 521 2745 725.
566 2689 657 2748 Atei
679 2699 854 2765 argumento
876 2689 999 2748 nimium
1021 2689 1093 2747 olim
1115 2709 1162 2748 me
1182 2690 1323 2748 tribuisse
1346 2689 1459 2748 utiam
1474 2697 1544 2748 ante
1566 2690 1657 2748 intel·

320 2788 453 2848 lexeram
482 2791 653 2848 admonitus
679 2791 767 2850 fastis
796 2790 990 2864 Caeretanis,
1018 2793 1061 2849 ita
1086 2792 1144 2849 iam
1176 2810 1263 2850 nemo
1298 2791 1419 2866 negabit
1444 2809 1483 2849 ex
1510 2792 1548 2849 iis
1575 2793 1657 2850 notis

321 2901 440 2968 tempus
466 2909 526 2967 quo
554 2893 641 2950 incisi
669 2894 729 2951 siut
754 2894 826 2951 fasti
848 2893 971 2951 Allil'ani
999 2893 1097 2968 colligi
1123 2909 1183 2951 non
1204 2909 1294 2969 posse
1315 2909 1411 2967 neque
1434 2893 1595 2970 quicquam
1618 2893 1657 2952 de

321 3001 419 3051 aetate
442 3013 543 3052 eorum
568 3003 715 3066 constare,
738 2995 796 3052 nisi
816 2994 897 3072 quod
918 2993 1063 3071 propositi
1084 3001 1153 3052 sunt
1171 3001 1240 3052 ante
1262 3015 1288 3053 a.
1305 3013 1333 3070 p.
1351 2991 1422 3053 Chr.
1436 2993 1465 3066 7,
1488 2995 1514 3054 si
1532 2995 1656 3071 quidem

319 3095 459 3154 consules
482 3093 620 3154 Creticus
643 3104 673 3154 et
694 3095 818 3173 Longus
841 3115 911 3154 vere
931 3115 967 3154 eo
990 3112 1068 3154 anno
1091 3096 1188 3154 fasces
1209 3104 1375 3155 tenuerunt.

1354 3232 1413 3292 Tu.
1437 3234 1610 3293 Mouusnu.
