3532 5964
768 609 1044 662 ADDITAMENTA
1070 610 1152 662 VOL.
1173 611 1216 660 111

694 913 730 972 In
751 913 908 991 pyramide
930 911 968 972 ad
991 910 1068 972 Gize
1090 911 1133 989 (p.
1151 912 1179 972 8.
1197 911 1282 988 967).

319 1100 364 1161 35
395 1100 434 1159 ad
456 1121 484 1160 n.
502 1099 538 1158 21
564 1099 616 1176 (ef.
632 1099 692 1158 vol.
709 1098 757 1157 Ill
778 1118 806 1176 p.
825 1098 909 1174 967).
945 1097 981 1156 L.
999 1097 1214 1156 Fricdleender
1236 1097 1314 1156 dixit
1336 1097 1373 1156 de
1394 1099 1451 1156 hoc
1473 1097 1564 1156 h'tulo
1588 1117 1655 1156 cum

360 1205 391 1262 in
413 1210 634 1280 programmate
656 1201 896 1278 Regiomontano
918 1219 945 1258 a.
964 1199 1043 1259 1869
1067 1209 1127 1259 tum
1150 1201 1180 1257 in
1203 1201 1280 1258 libro
1301 1199 1553 1275 Sitteupeaedielte
1566 1201 1655 1258 Rome

361 1303 404 1376 2³,
421 1303 490 1362 257.
525 1301 615 1376 Quod
636 1303 677 1361 ibi
700 1303 802 1361 attulit
820 1303 1025 1380 apographum
1041 1321 1079 1358 ox
1095 1301 1248 1360 itinerario
1262 1301 1374 1360 Felicis
1391 1301 1483 1359 Fabri
1499 1299 1655 1359 Ulmensis

361 1405 474 1483 scripto
496 1406 573 1464 inter
595 1424 620 1462 a.
641 1403 720 1462 1480
742 1415 773 1463 et
797 1404 886 1475 1483,
911 1405 942 1462 id
965 1422 1070 1462 vereor
1092 1423 1128 1462 ne
1152 1402 1239 1460 Felix
1262 1404 1426 1478 sumpserit
1446 1422 1484 1461 ex
1506 1403 1656 1461 similibus

359 1507 593 1584 antiquioribus3
621 1526 688 1565 nam
715 1505 851 1564 miraculi
878 1506 974 1564 instar
994 1505 1072 1563 foret
1093 1505 1257 1563 monachos
1280 1506 1450 1582 complures
1474 1523 1565 1562 unam
1587 1523 1655 1563 eam

359 1610 585 1688 inscriptionem
603 1608 743 1684 elegisse,
765 1626 854 1683 quam
877 1626 916 1666 ex
933 1608 1000 1685 ipso
1017 1624 1093 1666 saxo
1110 1614 1275 1679 enatarent,
1298 1625 1353 1666 nec
1366 1606 1510 1667 lectiones
1526 1607 1656 1665 multum

359 1712 503 1771 differunt
530 1710 560 1785 (l
586 1725 754 1769 rrrsrnrnns
781 1743 819 1752 -
854 1710 871 1768 3
900 1725 1071 1768 memoriam
1094 1741 1132 1751 —
1166 1711 1185 1764 4
1212 1724 1370 1767 CENTANN!
1393 1742 1432 1752 —
1459 1724 1593 1768 erasmrs
1616 1741 1654 1752 -

360 1815 544 1873 irruamus
565 1846 607 1855 —
637 1811 654 1868 6
682 1809 799 1888 rursu).
844 1809 904 1870 Sed
930 1813 1006 1869 bene
1030 1810 1144 1868 monuit
1170 1811 1216 1868 vir
1242 1811 1346 1870 doctus
1371 1811 1453 1886 apud
1479 1810 1655 1870 Friedlaen-

360 1915 462 1974 derum
486 1914 549 1972 v.3
572 1930 751 1990 expressum
773 1931 841 1970 esse
863 1911 901 1971 ad
921 1911 1119 1970 Horatianum
1139 1931 1230 1970 earm.
1253 1911 1418 1984 3‚11,50:
1440 1917 1533 1972 nostm'
1552 1933 1657 1972 memo-

359 2036 417 2076 rem
438 2017 570 2092 sepulcro
593 2013 878 2098 sculpelquerellem,
908 2014 1014 2072 deinde
1037 2013 1286 2073 Friedlaenderus
1307 2017 1376 2091 'ipse
1403 2035 1462 2074 nen
1486 2014 1655 2074 sollicitan-

361 2118 431 2177 dum
457 2117 553 2176 fuisse
579 2118 646 2176 v.6
674 2120 798 2176 censoris
825 2116 1020 2186 vocabulum,
1048 2115 1189 2192 quoniam
1215 2116 1376 2176 Terentius
1404 2115 1589 2188 Gentianus,
1616 2117 1654 2174 ad

360 2239 447 2296 quem
474 2220 505 2278 in
527 2219 606 2277 Add.
629 2219 649 2277 l.
669 2237 695 2277 e.
722 2217 840 2276 titulum
867 2219 1021 2288 revocavi,
1048 2219 1078 2275 in
1104 2218 1193 2275 titulo
1216 2235 1272 2277 suo
1294 2219 1366 2277 item
1386 2219 1558 2295 appelletur
1580 2237 1654 2278 cene.

358 2323 488 2398 provinc.
517 2321 631 2380 Maced.
659 2318 871 2379 Friedlaender
898 2338 925 2376 v.
946 2319 1044 2396 4seq.
1072 2321 1116 2378 sic
1143 2319 1313 2379 constituit:
1341 2323 1395 2378 scit
1420 2339 1519 2381 nomen
1539 2323 1656 2382 Decimi

364 2422 499 2482 Gentium
520 2424 651 2498 pyramis
673 2421 735 2481 alta
752 2423 898 2498 pontificis
920 2424 1084 2498 comitisque
1106 2425 1178 2492 tuis,
1202 2422 1340 2494 Traiane,
1368 2425 1532 2498 triumphis,
1561 2425 1655 2484 lustra

362 2543 411 2583 see
436 2529 514 2582 intra
541 2527 665 2583 cmeorie
692 2523 829 2594 conculis,
856 2541 923 2582 esee.
970 2523 1043 2581 Mihi
1070 2523 1167 2600 magis
1189 2523 1288 2602 placet
1308 2523 1436 2582 retinere
1458 2526 1541 2600 quod
1562 2527 1656 2586 tradi·

361 2635 422 2684 tum
446 2633 493 2684 est
513 2630 551 2684 sit
571 2643 669 2685 nomeu
760 2627 911 2702 pyramide
933 2626 1008 2697 olle,
1031 2626 1062 2683 in
1084 2643 1144 2684 esse
1165 2624 1295 2685 fortasse
1316 2626 1390 2685 latet
1411 2644 1480 2686 eece.

746 3140 1096 3204 ursnaconeoms
1120 3143 1162 3220 (p.
1179 3143 1223 3220 s).

319 3326 366 3386 36
393 3327 430 3386 ad
452 3348 482 3387 n.
504 3327 553 3387 12.
596 3328 734 3386 Eundem
756 3327 875 3386 titulum
898 3347 993 3406 nuper
1014 3329 1174 3405 descripsit
1196 3332 1233 3390 A.
1250 3329 1285 3389 Ο.
1300 3328 1409 3388 Harris
1431 3327 1465 3406 (†
1485 3329 1592 3408 1869),
1614 3352 1654 3392 ex

361 3430 448 3488 ouius
481 3429 597 3488 schedis
631 3431 668 3488 ab
698 3429 887 3488 Eisenlohrio
920 3431 978 3490 sibi
1005 3431 1125 3490 traditis
1155 3431 1289 3490 enotavit
1316 3432 1387 3490 mihi
1416 3431 1651 3509 Zangemeister.

359 3529 459 3589 Locus
487 3532 531 3589 sio
552 3531 715 3590 indicatur:
748 3532 871 3592 Convent
893 3534 927 3606 os
943 3532 1046 3590 Maria
1068 3531 1163 3592 Belcle
1183 3533 1287 3591 behind
1306 3533 1511 3592 Benimlmmed
1531 3535 1652 3594 between

359 3632 512 3706 Mausolei
533 3635 594 3692 end
615 3631 697 3692 Siout
717 3633 795 3692 Eam
817 3633 901 3692 duale
950 3633 1061 3692 Differt
1081 3635 1252 3710 exemplum
1275 3653 1294 3692 e
1315 3652 1382 3693 meo
1403 3635 1434 3693 in
1455 3635 1516 3694 his:
1540 3634 1557 3692 2
1582 3653 1653 3696 cns·

360 3748 416 3792 saa
431 3764 438 3778 ·
455 3749 545 3792 csrvs
573 3733 620 3810 (ut
644 3735 780 3811 reposui)
805 3769 843 3779 -
873 3736 890 3794 3
911 3743 944 3793 ut
964 3751 979 3792 r
1001 3752 1017 3792 r
1040 3735 1087 3811 (ut
1108 3736 1244 3813 reposui)
1267 3769 1308 3780 -
1335 3735 1353 3795 8
1377 3751 1591 3796 rrovrosrerrn
1611 3753 1651 3796 s·

358 3851 416 3894 vas
438 3851 579 3895 matusrls
601 3835 661 3913 (m)
684 3852 863 3896 sxsrnvcrn
884 3851 1133 3897 nsnacmeavur.

905 4755 1062 4832 SYRIA.

624 4985 865 5048 ANTIOCHIA
888 4987 950 5046 ΑΙ)
972 4988 1181 5050 ORONTEM
1204 4991 1246 5070 (p.
1264 4991 1349 5066 973).

319 5171 365 5232 ³7
388 5173 426 5232 ad
442 5189 470 5230 n.
480 5173 570 5232 6046.
583 5174 672 5234 6047.
685 5174 830 5234 ·Adolfus
842 5175 997 5235 Michaelis
1012 5175 1118 5236 iisdem
1134 5176 1252 5237 schedis
1268 5177 1365 5236 denuo
1380 5177 1523 5253 inspectis
1535 5181 1651 5238 monuit

360 5275 463 5334 titulos
486 5282 628 5353 exceptos
652 5293 719 5336 esse
741 5277 853 5354 Aleppi
874 5295 968 5354 prope
990 5288 1107 5356 portam
1130 5279 1232 5356 oppidi
1254 5297 1313 5356 qua
1335 5281 1395 5338 itur
1417 5281 1618 5341 Antiochiam.
