3428 5970
306 652 381 722 512
770 669 983 721 Pn1v1nso1s
1009 669 1168 720 uumvn

308 843 375 904 dem
398 851 457 914 est;
482 857 550 902 nam
574 843 601 902 si
623 853 718 918 pones
740 852 914 902 veteranum
936 851 1069 919 tempore
1092 841 1242 902 missionis
1268 841 1413 900 habuisse
1433 841 1529 900 lilium
1551 839 1642 898 mari·

298 955 382 1016 .tum,
403 947 435 1004 id
456 946 535 1023 quod
557 945 623 1007 fieri·
639 945 752 1022 potuit·
777 945 897 1004 omniuo
920 946 982 1005 filio
1003 964 1122 1022 quoque
1143 945 1271 1003 conubio
1293 962 1369 1022 opus
1390 943 1458 1016 luit,
1481 952 1516 1002 ut
1538 943 1641 1001 matri-

298 1050 440 1108 monium
466 1049 576 1108 iustum
603 1049 742 1107 evaderet
766 1056 796 1106 et
817 1047 905 1106 liberi
927 1067 966 1106 ex
987 1067 1023 1106 eo
1046 1049 1108 1106 nati
1129 1049 1160 1105 in
1184 1055 1330 1123 potestate
1352 1047 1402 1104 ati
1425 1058 1534 1104 essent
1580 1043 1639 1104 Sed

309 1161 343 1209 ut
368 1151 418 1226 qui
444 1151 526 1229 leges
552 1160 783 1227 composuerunt
809 1150 847 1208 dc
873 1169 909 1208 eo
935 1168 1006 1208 casn
1032 1167 1093 1208 non
1118 1149 1291 1226 cogitarim,
1321 1148 1403 1225 qnod
1434 1167 1490 1225 ego
1517 1165 1640 1224 quoqne

309 1255 405 1332 magle
427 1254 606 1330 negaverim,
635 1273 702 1312 curn
728 1253 881 1328 posterior
902 1261 983 1310 certe
1009 1251 1171 1310 clausulae
1187 1269 1258 1328 pars
1285 1252 1321 1309 de
1349 1270 1444 1309 uxore
1471 1257 1543 1326 post
1566 1250 1640 1307 mis-

308 1357 421 1416 sionem
443 1357 531 1414 ductn
556 1355 595 1413 ad
619 1354 729 1414 liberos
755 1373 860 1431 parum
890 1363 968 1412 recte
994 1353 1185 1412 extendatur:
1213 1353 1372 1430 privilegia
1395 1353 1460 1411 eius
1481 1352 1639 1428 temporis,

307 1477 367 1534 quo
389 1457 494 1516 civitas
516 1457 654 1516 Romana
674 1457 917 1532 liberis'quoque
940 1465 1146 1514 veteranorum
1173 1463 1240 1513 une'
1259 1475 1324 1514 cum
1353 1455 1430 1530 ipsis
1455 1454 1639 1514 concedeba-

297 1567 365 1632 tur,
395 1561 485 1636 plane
517 1559 608 1618 simili
639 1557 830 1635 ambiguitate
861 1559 974 1634 scripte
998 1575 1066 1617 esse
1091 1558 1295 1630 inveniuntur3
1328 1559 1373 1616 sio
1396 1553 1550 1616 'enim'ibi
1577 1557 1637 1612 est:

307 1665 381 1739 ipsis
405 1662 501 1720 liberis
524 1665 703 1738 posterisque
728 1679 822 1720 eorum
847 1663 986 1720 civitatem
1008 1662 1087 1719 dedit
1107 1671 1134 1720 et
1154 1661 1302 1720 conubium
1323 1677 1386 1718 cum
1406 1658 1543 1718 uaoribiu
1565 1677 1639 1734 quas

299 1775 375 1824 tunc
395 1765 558 1824 babuerunt
579 1779 642 1824 cum
663 1773 704 1822 est
724 1766 825 1823 ciuitas
846 1767 884 1822 iis
904 1764 974 1822 data
999 1773 1030 1822 et
1049 1781 1127 1840 quae
1148 1771 1322 1839 sequuntur.
1365 1762 1470 1839 ltaque
1490 1761 1567 1819 haee
1588 1775 1640 1818 eut

306 1867 351 1926 its
372 1876 405 1924 ut
426 1885 519 1945 supra
538 1867 669 1926 indicavi
691 1865 872 1942 explicando
892 1875 962 1924 sunt
983 1875 1035 1924 aut
1056 1873 1136 1924 certe
1157 1865 1322 1924 toleranda.

349 1966 410 2028 Sed
441 1970 567 2029 militum
597 1969 828 2030 castellanorum
861 1967 1051 2040 vocabulum,
1086 1967 1118 2026 in
1154 1968 1235 2045 quod
1272 1974 1380 2046 sponte
1409 1967 1516 2026 incidit
1545 1967 1639 2024 etiam

307 2071 538 2145 Hirschfeldlus‚
560 2090 620 2148 quo
642 2071 788 2148 pertineat
809 2071 867 2130 ism
890 2071 1052 2129 videamus.

298 2229 302 2238 ,
349 2173 475 2234 Militiae
500 2175 655 2234 Romanae
682 2175 826 2232 rationem
855 2172 1029 2232 Alexander
1059 2173 1104 2232 ita
1131 2172 1269 2242 mutavit,
1302 2180 1336 2229 ut
1366 2190 1432 2230 eam
1462 2190 1503 2228 ex
1535 2169 1642 2245 aliqua

306 2285 393 2352 parte
414 2285 443 2333 et
464 2277 599 2336 colonam
620 2276 732 2337 faceret
752 2283 783 2334 et
803 2275 1023 2335 hereditariam.
1067 2274 1149 2346 Solu,
1175 2275 1218 2333 eit
1238 2275 1291 2351 qni
1312 2274 1404 2332 vitam
1426 2272 1492 2331 eins
1515 2271 1644 2348 scripsit

308 2395 334 2437 c.
354 2377 405 2450 58,
431 2393 504 2454 quae
526 2380 561 2436 dc
582 2378 707 2438 bostibus
731 2387 817 2456 capta
841 2387 909 2436 sunt
928 2378 1078 2437 limitaneis
1100 2377 1219 2436 ducibm
1241 2387 1267 2435 et
1286 2375 1425 2434 militibus
1447 2377 1569 2432 donauit
1591 2377 1643 2444 ito,

306 2489 338 2537 ut
359 2497 454 2538 eonem
476 2489 575 2554 essent,
597 2485 624 2539 si
645 2481 758 2540 burdes
780 2499 876 2540 eorum
892 2482 1055 2550 militarent,
1077 2499 1128 2538 nec
1149 2497 1284 2555 umquam
1305 2480 1346 2537 od
1362 2479 1493 2554 priuatos
1510 2480 1644 2554 pes-tine·

299 2593 380 2654 rent,
404 2584 498 2642 duent
523 2587 655 2643 aternus
678 2601 724 2642 eos
747 2583 927 2654 militaturos,
957 2586 983 2640 si
1008 2585 1091 2640 etiam
1116 2600 1172 2640 sua
1199 2601 1271 2638 rura
1297 2582 1495 2656 defenderer&
1523 2580 1644 2637 addidit

297 2704 377 2744 ,sane
398 2686 442 2743 bis
463 2696 490 2744 et
510 2685 651 2744 animalia
673 2695 699 2744 et
718 2704 825 2756 amoos,
848 2693 879 2742 ut
900 2693 1020 2761 possent
1040 2683 1130 2744 colere
1152 2684 1229 2760 quod
1249 2687 1428 2760 acceperant,
1449 2701 1483 2740 ne
1501 2701 1560 2758 par
1581 2685 1643 2739 imo·

303 2791 386 2863 piam
411 2787 552 2847 bominum
577 2790 621 2848 cel
643 2807 698 2864 per
722 2797 885 2846 senectutem
907 2787 1114 2862 possidentium
1136 2787 1328 2844 desererentur
1353 2804 1426 2842 rura
1451 2787 1546 2842 oicim
1574 2783 1643 2841 bur-

307 2889 421 2960 bcriac,
454 2892 530 2967 quod
555 2894 751 2967 turpissimum
777 2890 827 2947 ille
854 2889 972 2948 ducebat
1001 2887 1053 2962 (cl.
1080 2887 1143 2946 vite
1169 2887 1262 2946 Probi
1289 2907 1314 2946 e.
1337 2889 1401 2962 16).
1455 2885 1540 2944 Haec
1568 2905 1643 2943 rura

307 2991 444 3051 hostibus
471 3001 574 3070 erepte
602 3003 631 3052 et
657 2993 815 3052 barbarico
841 2991 907 3049 solo
933 2991 1031 3049 vicina
1052 2989 1171 3068 proprie
1192 3008 1261 3048 esse
1283 2989 1405 3047 castella
1425 2988 1582 3066 colligitur
1603 3007 1642 3046 ex

306 3092 373 3169 lege
388 3111 414 3152 a.
430 3093 489 3154 423
506 3093 556 3169 (C.
572 3094 629 3153 Th.
647 3095 675 3166 t,
688 3096 741 3166 ¹15,
758 3093 776 3152 2
793 3119 829 3144 =
845 3091 879 3152 Ο.
896 3091 970 3152 Inst.
990 3093 1037 3162 ll,
1055 3091 1103 3163 60,
1121 3089 1167 3168 2):
1183 3096 1351 3168 quicumque
1364 3090 1546 3150 castellorum
1561 3089 1642 3148 locos

299 3212 480 3270 quocumque
504 3197 584 3256 titulo
608 3198 769 3273 possident,
798 3197 900 3254 cedant
925 3214 961 3253 aa
987 3195 1131 3264 dianam,
1158 3197 1228 3270 quia
1254 3193 1290 3251 ab
1316 3193 1361 3251 bis
1386 3201 1495 3251 tcntmn
1516 3193 1576 3267 scs
1603 3205 1645 3251 est

304 3297 449 3372 possideri
473 3297 656 3358 castellorum
684 3301 829 3358 territoria
855 3297 956 3375 quibus
982 3297 1133 3372 adscripta
1158 3307 1225 3354 sunt
1255 3307 1281 3354 et
1311 3295 1473 3371 dequibus
1498 3295 1643 3354 iudicarit

306 3401 473 3474 antiquitas.
519 3399 604 3471 Quod
623 3405 649 3460 si
668 3403 788 3460 ulterius
811 3401 855 3459 uel
873 3404 1005 3475 priuatae
1026 3399 1197 3457 condicionis
1217 3400 1362 3474 quispiam
1376 3401 1413 3454 'in
1434 3397 1478 3455 bis
1501 3395 1576 3456 locis
1599 3397 1644 3456 cel

306 3519 364 3559 non
381 3503 554 3562 rosellanus
575 3503 654 3563 miles
669 3505 763 3578 suerit
782 3505 941 3562 detentator
960 3505 1098 3572 inuentus,
1120 3500 1240 3576 capitali
1260 3502 1400 3558 smtmtic
1420 3518 1481 3558 cum
1501 3499 1642 3558 bonorum

299 3604 499 3679 publicatione
519 3606 675 3682 plectatur.
717 3605 810 3664 lidem
837 3605 902 3680 agri
929 3606 984 3664 sub
1006 3604 1125 3663 nomine
1146 3601 1420 3678 limitotrophorum
1442 3601 1509 3660 sive
1530 3601 1643 3660 limita·

305 3724 430 3765 neorum
457 3709 570 3782 passim
599 3709 630 3766 in
656 3707 922 3766 constitutionibus
952 3713 1234 3776 commemorantum
1268 3703 1298 3761 id
1331 3703 1413 3780 quod
1442 3703 1495 3762 uel.
1518 3704 1642 3763 rubrica

307 3808 458 3884 significat
476 3807 598 3869 Codicis
615 3809 774 3869 Iustiniani
797 3809 861 3885 (ll,
878 3808 932 3885 60)
955 3810 989 3867 de
1003 3809 1108 3885 fundis
1132 3807 1332 3882 limitctroplu's
1354 3817 1380 3865 et
1401 3809 1483 3866 terris
1506 3816 1534 3864 ct
1550 3805 1641 3883 palu·

306 3911 390 3969 dibus
412 3921 438 3970 at
455 3915 573 3988 pascuis
596 3912 747 3971 limitaneis
769 3912 813 3970 uel
834 3911 1020 3970 castellorum.
1058 3909 1155 3988 Huius
1177 3909 1315 3984 instituti,
1337 3907 1419 3984 quod
1440 3907 1479 3965 ad
1502 3907 1641 3966 Alexan·

307 4011 394 4070 drum
416 4033 513 4072 rernm
535 4015 698 4089 scriptores
720 4015 860 4086 referunt,
884 4023 1032 4090 tamquam
1055 4011 1244 4073 corollarium
1266 4019 1312 4070 est
1332 4009 1414 4086 quod
1432 4029 1502 4068 aere
1516 4009 1639 4068 Panno·

307 4113 375 4173 nico
398 4115 591 4192 significatur,
620 4117 735 4175 scilicet
760 4116 905 4174 militibus
931 4115 1105 4192 peregrinae
1126 4112 1308 4172 condicionis
1329 4130 1396 4170 cum
1418 4111 1546 4170 honeste
1568 4112 1640 4170 mis-

307 4215 392 4274 sione
414 4217 562 4276 civitatem
584 4219 750 4276 Romanam
773 4218 816 4275 ito
837 4236 1013 4277 concessam
1035 4235 1111 4287 esse,
1138 4225 1170 4274 ut
1194 4215 1331 4292 gregales
1351 4213 1412 4290 ipsi
1433 4225 1549 4273 tentum
1572 4233 1638 4272 eam

297 4318 484 4394 *acciperent
507 4321 682 4379 decuriones
704 4331 802 4378 antem
824 4329 855 4378 et
876 4319 1066 4378 centuriones
1088 4337 1148 4376 una
1167 4336 1234 4376 cum
1249 4316 1363 4390 liberis,
1387 4317 1476 4375 modo
1491 4315 1538 4384 illi
1550 4315 1640 4375 relati

306 4430 410 4478 essent
436 4421 514 4480 inter
540 4423 649 4482 milites
675 4423 856 4482 castellanos
879 4421 1016 4497 filiosque
1038 4420 1169 4478 eiusdem
1190 4419 1376 4478 condicionis
1397 4419 1553 4492 haberent,
1576 4429 1638 4488 aut

308 4521 334 4579 si
357 4524 462 4595 mavis,
485 4524 573 4584 modo
595 4525 655 4602 ipsi
676 4525 762 4584 relati
782 4531 883 4584 essent
896 4523 973 4583 inter
987 4523 1167 4582 castellanos
1190 4521 1328 4596 filiosque
1349 4521 1461 4580 milites
1482 4520 1637 4578 haberent.

307 4621 379 4682 Filii
401 4635 498 4684 autem
520 4627 711 4702 requiruntur
731 4646 771 4686 ex
792 4627 868 4705 ipsis
890 4625 1048 4702 procreati,
1070 4643 1131 4684 non
1152 4623 1314 4700 adoptione
1327 4622 1469 4701 quaesiti,
1490 4641 1531 4682 ue
1544 4623 1636 4680 orbus

305 4725 337 4783 in
357 4727 491 4788 fraudem
514 4729 590 4808 legis
611 4729 800 4808 privilegium
823 4737 957 4807 usurpet.
