3394 5976
296 567 370 638 240
870 585 1055 638 uouusau

339 761 388 820 65.
432 760 553 818 Florius
580 759 697 818 Baudio
727 762 774 818 vir
806 761 998 834 ducenarius,
1032 772 1184 839 protector
1210 767 1256 815 ex
1283 743 1472 816 ordinario
1501 743 1580 841 leg.
1608 741 1640 814 ll

449 843 530 916 Ital.
555 841 670 916 Divit.
695 887 745 898 -
770 865 879 929 Spoletii
899 867 994 916 sacculi
1014 866 1120 916 omnino
1140 869 1234 931 quarti.
1273 867 1354 920 Orelli
1375 869 1455 919 3391.
1693 919 1694 936 ,

340 966 387 1026 66.
432 965 489 1024 lul.
507 966 687 1026 Valentinus
711 946 790 1020 ord·
815 965 959 1041 cearsvr(
977 965 1101 1041 ).-In
1121 968 1264 1020 Britannia.
1298 970 1328 1020 C.
1349 971 1490 1032 111422.
1530 966 1640 1025 Lectio
1693 949 1694 1012 3

451 1077 565 1144 septem
587 1077 806 1145 postremarum
828 1068 994 1126 litterarum
1017 1069 1132 1127 incerte
1154 1078 1209 1127 est.
1693 1049 1694 1056 ¹

341 1171 389 1228 67.
433 1169 468 1228 L.
491 1171 627 1230 Marinus
651 1152 794 1224 0171.-
813 1172 981 1223 Uxelloduni.
1015 1172 1044 1222 C.
1065 1173 1209 1252 1111401,
1238 1175 1282 1224 ubi
1307 1175 1390 1224 editor
1414 1183 1523 1240 propter
1554 1177 1639 1224 titulos

450 1293 476 1325 11.
491 1276 552 1326 365.
567 1277 629 1326 421.
646 1277 715 1326 1076
736 1293 827 1341 pamm
846 1281 915 1324 recte
929 1283 1050 1339 exceptos
1064 1276 1186 1340 cogitarit
1205 1277 1237 1325 de
1257 1277 1376 1326 ordinato
1389 1292 1537 1342 perperam.
1577 1278 1638 1327 Nam

451 1367 584 1418 ordinatus
598 1376 635 1418 est
648 1370 759 1419 centurio
771 1369 870 1433 factata,
885 1373 913 1418 ut
925 1368 1017 1432 legitur
1030 1367 1056 1416 in
1072 1368 1297 1419 Cemeneleusibus
1311 1371 1363 1420 vol.
1373 1371 1397 1419 V
1410 1387 1435 1420 11.
1451 1371 1536 1421 7865.
1557 1368 1637 1419 78661

451 1462 464 1504 7
479 1460 525 1526 lep.
537 1459 587 1510 III
597 1458 710 1512 Italicae
724 1460 857 1512 crchnatas
870 1477 900 1512 ex
912 1476 949 1526 eq.
964 1459 1035 1510 Rern.
1050 1459 1083 1510 ab
1097 1460 1196 1511 demina
1210 1462 1269 1528 imp.
1280 1459 1318 1512 M.
1333 1453 1403 1512 Auel
1412 1462 1548 1513 Antonino
1565 1461 1629 1525 Aac.
1694 1528 1695 1538 γ

342 1552 391 1610 68.
435 1551 507 1611 Mat.
532 1551 644 1610 viralis
668 1533 954 1606 ord.·—-uuuraer.
988 1553 1017 1602 e.
1038 1555 1099 1615 vn,
1115 1555 1177 1604 231.
1694 1541 1695 1620 l

298 1654 433 1729 adeoque
453 1655 570 1712 secandi
591 1655 702 1713 ordinis
724 1655 887 1713 invenitur:
1694 1633 1695 1690 l

342 1755 390 1816 69.
435 1753 634 1816 Secundinius
662 1755 819 1816 Serotinus
841 1734 993 1811 secundl
1018 1735 1168 1810 ordinis.
1190 1781 1241 1791 -
1263 1761 1394 1811 Abudiaei
1416 1762 1443 1811 in
1459 1734 1581 1812 ¹Raetia.
1610 1759 1629 1808 0.

451 1861 502 1922 ΠΙ,
518 1863 597 1912 5779.

383 1949 540 2025 Quatenus
562 1954 739 2028 perveniant
759 1953 848 2029 primi
876 1953 997 2010 ordines
1024 1953 1046 2010 ii
1069 1953 1134 2012 sive
1156 1953 1310 2027 ordinarii,
1335 1954 1365 2012 iu
1387 1955 1569 2012 coniectura
1591 1973 1635 2028 po

300 2054 389 2112 situm
412 2063 472 2126 est3
494 2055 613 2130 Vegetii
629 2055 708 2114 enim
724 2056 805 2132 quod
827 2056 922 2114 sertur
937 2055 973 2112 dc
989 2073 1024 2112 ca
1046 2075 1078 2113 re
1099 2057 1303 2115 testimonium
1315 2057 1343 2132 ¹)
1367 2075 1435 2114 vere
1449 2057 1572 2114 nullum
1588 2063 1635 2112 cst.

301 2153 376 2214 Cum
401 2156 489 2232 primi
520 2157 696 2216 vocabulum
724 2167 784 2216 tam
811 2159 908 2232 primo
938 2157 1070 2215 omnium
1093 2176 1183 2234 quam
1206 2161 1295 2218 tertio
1317 2159 1446 2235 legionis
1468 2159 1635 2218 centurioni

300 2257 520 2334 quodammodo
554 2261 709 2320 inhaereat
741 2268 771 2319 et
806 2271 866 2318 tres
894 2259 1006 2336 primos
1038 2260 1168 2335 legionis
1200 2261 1388 2320 centuriones
1413 2262 1540 2338 reliquis
1573 2281 1634 2319 cum
1695 2297 1696 2352 p

300 2362 425 2419 aliarum
448 2370 509 2418 turn
534 2361 668 2421 eiusdem
690 2362 823 2420 cohortis
845 2371 978 2438 apertura
1002 2362 1040 2420 sit
1063 2363 1207 2438 dignitate
1233 2365 1321 2440 louge
1345 2364 1551 2440 praestitisse,
1581 2365 1634 2439 pri-

300 2481 366 2523 mos
393 2463 513 2522 ordines
545 2465 609 2523 sive
638 2465 805 2522 ordinarios
831 2465 985 2540 probabile
1012 2473 1059 2522 cst
1084 2465 1177 2523 fuisse
1199 2466 1326 2542 primum
1349 2467 1452 2543 pilum,
1474 2467 1635 2544 principem
1695 2473 1696 2516 1

300 2567 454 2642 praetorii,
477 2568 626 2626 hastatum
649 2567 786 2644 primurn.
823 2565 886 2624 Res
909 2577 1008 2626 tamen
1031 2567 1060 2624 in
1084 2569 1256 2628 coniectura
1276 2569 1377 2645 posita
1405 2577 1453 2628 est
1478 2588 1578 2646 neque
1601 2569 1633 2624 de

301 2669 437 2727 vocabuli
459 2670 660 2746 explicatione
683 2670 781 2728 adhuc
804 2677 930 2728 constat.

868 2866 873 2872 ι
883 2865 1071 2873 ...Μ-...-

384 3027 609 3072 cnurvrnonas
630 3027 818 3070 unrvnanos
841 3019 928 3070 notos
952 3031 990 3070 ex
1013 3011 1108 3070 titulis
1131 3012 1192 3071 his:

344 3117 392 3175 70.
438 3094 703 3194 [centuriones]
725 3093 891 3194 deputatl
910 3123 939 3172 et
954 3114 1206 3191 supernu[merari
1223 3121 1252 3172 et
1271 3115 1472 3190 f]rumentari.
1485 3149 1527 3160 —-
1541 3118 1624 3170 Roma

454 3223 481 3271 in
501 3221 557 3271 basi
577 3222 696 3271 dedicata
715 3221 791 3272 uxori
812 3219 933 3270 Gallieni.
965 3221 994 3268 O.
1015 3221 1061 3278 VI,
1081 3221 1310 3270 1110=Ilenzen
1331 3221 1412 3270 6785.

345 3311 394 3368 71.
438 3313 582 3370 Aurelius
607 3309 721 3372 Silvius
744 3291 910 3366 centurio
930 3291 1139 3388 deputatus.
1159 3333 1210 3344 -
1228 3312 1336 3363 Romae.
1369 3313 1399 3363 C.
1419 3313 1468 3377 VI,
1483 3314 1561 3365 3557.

345 3411 393 3472 tt.
438 3413 474 3472 Τ.
488 3415 646 3474 Petronius
662 3415 698 3472 T.
715 3415 735 3473 f.
752 3413 823 3474 Sab.
837 3413 958 3471 Taurus
972 3412 1154 3472 Volusianus
1170 3433 1197 3472 v.
1216 3433 1240 3471 c.
1258 3414 1364 3472 consul
1379 3413 1548 3472 ordinarius
1562 3458 1568 3471 .
1583 3457 1590 3470 .
1603 3455 1628 3470 ..

455 3536 505 3594 pp.
520 3518 578 3593 leg.
591 3517 687 3575 xxx
702 3517 803 3593 Ulpia,
819 3495 986 3571 centurio
1006 3497 1214 3595 deputatae,
1230 3535 1276 3592 eq.
1292 3517 1363 3592 pub.
1377 3549 1414 3558 -
1429 3519 1539 3582 aereae
1551 3519 1629 3568 esca

455 3621 534 3684 gessit
552 3637 575 3672 a.
591 3621 653 3672 261.
687 3621 767 3672 Orelli
788 3623 868 3672 3100.

346 3711 393 3769 11.
437 3709 473 3769 u.
499 3712 618 3770 Pullius
647 3712 830 3790 Peregrinus
856 3711 873 3769 r
895 3691 1027 3791 legion.
1050 3693 1248 3792 deputatus
1271 3729 1390 3789 ...eq
1414 3711 1451 3770 a.
1473 3744 1510 3755 -
1528 3711 1627 3764 noma.

457 3815 649 3878 (1113551.

304 3907 486 3984 legionarios
519 3925 588 3966 esse
616 3929 652 3966 ex
674 3915 781 3984 quarto
803 3927 906 3966 eorum
928 3915 1060 3985 apparet.
1110 3909 1203 3966 Recte
1225 3917 1323 3966 autem
1346 3907 1454 3985 opinor
1475 3905 1627 3966 Henzeuus

305 4009 387 4086 (ann.
418 4011 497 4068 1850
524 4030 551 4087 p.
574 4010 629 4086 45)
662 4029 721 4068 non
754 4019 814 4068 tam
847 4011 999 4087 proprium
1033 4011 1163 4069 officium
1197 4011 1240 4069 sic
1273 4011 1463 4068 determinari
1495 4009 1628 4068 iudicavit

304 4131 392 4190 quam
417 4113 664 4188 significationem
688 4114 870 4172 centurionis
893 4121 1014 4190 proptor
1035 4113 1163 4189 legionis
1186 4114 1306 4190 negotia
1327 4114 1357 4172 in
1381 4115 1453 4171 urbe
1476 4112 1617 4171 morantis.

871 4305 1074 4313 ...α-Ἣ.

388 4462 578 4522 Praetoriaui
600 4481 780 4540 quamquam
803 4471 832 4522 et
854 4483 977 4522 numero
1008 4483 1062 4522 suo
1090 4471 1119 4520 et
1140 4463 1351 4522 distributione
1372 4462 1518 4521 cohortali
1543 4459 1627 4536 legio·

306 4585 373 4624 nem
390 4565 610 4642 quodammodo
625 4567 827 4640 imitabantur,
850 4568 976 4624 formam
998 4566 1126 4642 legionis
1146 4567 1305 4642 quominus
1327 4567 1365 4624 iis
1386 4566 1472 4624 daret
1486 4566 1625 4640 Augustus

307 4675 341 4725 ut
361 4668 391 4726 111
407 4668 476 4727 aliis
491 4669 630 4726 omnibus
654 4668 812 4745 diligenter
827 4669 960 4741 evitavit,
983 4669 1026 4727 ita
1041 4669 1248 4728 centurionum
1271 4669 1393 4726 nomina
1414 4667 1573 4746 leglonaria
1589 4661 1623 4718 ad

307 4771 514 4846 praetorianos
530 4790 589 4830 non
612 4770 774 4841 transtulit,
796 4770 927 4830 sortasse
950 4791 986 4830 ne
1008 4772 1157 4830 centurias
1180 4771 1301 4848 quidem
1323 4771 1492 4848 praetoriae
1506 4763 1622 4829 cohortis

386 5014 408 5078 ¹)
429 5015 533 5067 Scilicet
557 5013 626 5078 quod
650 5015 686 5063 ait
710 5013 798 5062 decom
824 5015 951 5067 centurias
976 5015 1089 5063 cohortis
1114 5016 1212 5078 primae
1236 5016 1291 5079 regi
1317 5031 1334 5063 α
1359 5016 1466 5080 quinque
1491 5005 1618 5062 ordita-iit,

308 5123 339 5157 eo
361 5109 483 5169 elevatur,
504 5107 573 5172 quod
593 5107 716 5156 ordinarii
736 5107 797 5154 alibi
819 5105 894 5167 <aa
911 5105 954 5167 15)
974 5115 1061 5172 aperte
1083 5109 1105 5156 ci
1125 5115 1184 5157 sunt
1202 5107 1220 5156 ii
1241 5109 1283 5172 qui
1304 5109 1408 5157 ordines
1428 5108 1526 5166 ducunt,
1548 5101 1619 5150 idest

308 5202 470 5251 centuriones
494 5201 548 5250 1111
572 5199 675 5249 ordines
701 5205 871 5264 quotcumque
895 5207 961 5249 sunt.
1006 5200 1125 5251 Ceterum
1155 5201 1315 5250 ordinarium
1344 5215 1392 5265 pro
1422 5198 1558 5251 centurione
1581 5189 1617 5254 qui

308 5295 422 5356 posuerit
440 5299 541 5357 praeter
560 5293 702 5356 Vegetium,
722 5307 775 5340 non
795 5293 904 5356 repperi.
