3428 5970
556 653 920 717 vaunnssosvuovs.
1186 667 1188 672 ·
1326 633 1397 704 511

72 827 158 887 liberi
182 835 251 888 ante
273 829 423 888 civitatem
446 829 584 906 adeptam
607 829 669 888 nati
691 827 828 908 deinceps
848 829 878 886 in
899 826 1056 907 peregrina
1076 827 1249 887 condicione
1270 845 1402 886 remane·

72 941 148 989 rent.
186 931 223 990 ld
244 931 323 1008 quod
347 932 503 990 confirmat
524 931 576 1008 qui
597 949 622 989 c.
639 950 666 990 a.
684 931 877 1008 rescripsit
892 929 990 991 Gaius
1007 932 1035 1006 1,
1052 929 1104 990 5⁷:
1126 933 1268 990 veteranis
1289 929 1402 1007 quibas·

72 1034 139 1090 dam
161 1035 278 1092 concedi
298 1033 370 1092 solet
384 1033 597 1110 principalibus
619 1035 863 1094 constitutionibus
886 1033 1031 1093 contebiam
1046 1051 1108 1092 cam
1123 1033 1167 1090 lis
1182 1031 1299 1090 Latinis
1317 1049 1402 1108 pere-

69 1138 197 1210 prinisoe
219 1153 292 1211 qaas
310 1139 423 1212 primus
442 1145 509 1212 post
529 1138 690 1195 missionem
711 1155 812 1196 aeones
835 1138 967 1195 daaeriat
987 1137 1118 1214 (poterat
1133 1135 1242 1195 addere
1259 1129 1318 1192 ‘vel
1332 1141 1403 1192 ante

72 1236 180 1296 ductas
201 1234 414 1314 retinuerint’):
438 1241 533 1315 etqui
555 1257 588 1296 en
608 1257 640 1297 eo
660 1242 840 1298 matrisanio
861 1247 1029 1312 noscantur,
1051 1247 1077 1296 et
1098 1240 1171 1297 eines
1193 1237 1316 1296 Romani
1333 1243 1360 1294 et
1372 1239 1403 1293 in

67 1349 214 1414 potestate
235 1349 388 1416 parentam
407 1341 492 1418 fiant,
520 1359 589 1398 nam
617 1340 705 1399 tacite
733 1343 812 1400 cives
838 1341 991 1402 Romanos
1018 1357 1086 1400 esse
1112 1346 1201 1417 negat
1225 1339 1338 1397 liberos
1364 1356 1403 1394 ex

71 1441 223 1500 eiusmodi
250 1443 324 1500 iuris
349 1443 499 1520 peregrini
528 1442 717 1502 matrimonio
744 1429 811 1502 ante
833 1443 1006 1504 missionem
1030 1451 1125 1502 natos.
1170 1441 1234 1500 lam
1255 1459 1326 1499 vero
1347 1440 1405 1496 hoc

72 1543 235 1620 privilegio
256 1544 326 1602 filiis
349 1553 416 1604 ante
438 1545 468 1603 id
491 1545 591 1604 datum
615 1546 693 1605 natis
720 1545 825 1604 civitas
847 1547 1017 1605 conceditur
1037 1545 1094 1604 sub
1115 1544 1202 1604 certis
1224 1541 1404 1602 condicioni·

72 1646 141 1718 bus,
164 1663 329 1721 quaecum
351 1647 484 1724 integrae
506 1647 544 1704 ad
566 1665 621 1707 uos
644 1667 703 1706 non
725 1649 922 1724 pervenerint,
946 1647 1161 1726 supplementis
1183 1662 1258 1724 opus
1280 1645 1345 1703 init

117 1745 334 1826 Supplementa
354 1749 512 1810 formanda
532 1757 618 1809 erant
637 1751 753 1809 ratione
774 1749 877 1809 tabita
898 1759 966 1809 ante
988 1751 1088 1808 omnis
1112 1748 1278 1826 argumenti
1298 1748 1405 1806 harum

71 1850 175 1928 legum
198 1851 412 1924 universarum,
434 1851 514 1928 quod
537 1862 584 1912 est
605 1853 642 1911 ds
664 1852 783 1910 civitate
804 1862 834 1911 et
855 1853 990 1928 conubio,
1016 1861 1049 1911 ut
1068 1853 1100 1910 in
1121 1851 1169 1910 bis
1192 1851 1265 1908 haec
1287 1867 1405 1926 quoque

72 1952 215 2011 clausula
236 1955 406 2012 necessario
429 1963 578 2024 versetur3
600 1955 671 2012 item
694 1954 808 2014 ratione
828 1955 933 2014 habita
953 1955 1103 2014 clausulae
1125 1952 1306 2012 recensentis
1328 1953 1406 2010 inter

72 2054 286 2114 beneficiarios
307 2065 426 2132 praeter
447 2056 525 2115 filios
548 2061 635 2114 etiam
658 2057 761 2129 filiam,
789 2064 822 2114 ut
843 2075 903 2115 non
924 2057 1051 2116 illiorum
1075 2064 1201 2129 tantum,
1224 2051 1276 2114 sed
1298 2053 1405 2113 libero-

71 2177 142 2214 rum
166 2156 319 2233 utriusque
342 2175 434 2218 sexus
456 2158 647 2236 privilegium
669 2159 726 2216 hoc
748 2159 815 2216 loco
837 2160 1020 2235 requiratur3
1042 2159 1113 2217 item
1136 2158 1293 2216 verborum
1316 2175 1348 2215 en
1367 2175 1406 2226 se,

73 2278 154 2336 quae
177 2259 339 2318 secundum
360 2260 479 2338 linguae
502 2261 583 2337 leges
604 2261 761 2338 requirunt
780 2271 813 2319 ut
834 2263 966 2320 veterani
986 2265 1045 2320 sint
1062 2262 1204 2337 aquibus
1224 2259 1406 2318 emundatum
1450 2303 1453 2308 .

72 2357 247 2438 regatur¹).
283 2359 362 2420 Nam
385 2362 423 2420 ad
444 2362 535 2420 verba
556 2363 699 2421 nascendi
721 2372 752 2422 et
772 2363 891 2421 oriundi
913 2381 979 2422 cum
1001 2363 1186 2442 praepositio
1205 2381 1239 2421 en
1255 2362 1298 2420 ita
1312 2360 1408 2439 appli-

72 2473 170 2535 cetur,
198 2473 231 2521 ut
251 2464 446 2540 aequabiliter
470 2473 501 2523 et
527 2465 563 2524 de
589 2475 682 2524 matre
710 2475 869 2542 usurpetur
893 2473 922 2524 ot
946 2465 983 2524 de
1004 2463 1143 2542 patret),
1170 2465 1200 2522 iu
1228 2463 1345 2542 legibus
1372 2463 1408 2521 de

73 2566 135 2626 hoc
166 2566 262 2642 magis
288 2566 422 2625 adhiberi
449 2567 540 2640 solet,
572 2576 606 2626 ut
636 2567 717 2626 filius
749 2579 835 2626 natas
866 2585 900 2626 ee
924 2567 1023 2643 aliquo
1055 2576 1224 2645 opponatur
1250 2565 1407 2642 adoptiv03

72 2687 175 2745 neque
201 2668 278 2726 enim
305 2669 392 2726 aliter
416 2667 447 2726 id
472 2667 579 2727 Latine
606 2669 665 2727 dici
690 2668 839 2746 potest3),
871 2688 937 2727 eum
957 2669 1040 2746 filias
1066 2671 1210 2727 nataralia
1235 2687 1294 2726 non
1322 2685 1409 2726 usur-

73 2779 167 2850 petur
187 2769 246 2828 nisi
267 2769 304 2828 dc
325 2770 388 2829 filio
410 2789 469 2829 non
491 2773 579 2830 iusto.
623 2770 682 2830 His
709 2771 934 2830 condicionibus
957 2779 989 2829 ut
1010 2771 1214 2830 satisfacerem
1235 2777 1267 2830 et
1287 2769 1409 2828 difficile

73 2873 231 2948 negotium
255 2872 355 2949 aliqua
377 2873 492 2931 ratione
515 2873 701 2949 expedirem,
728 2874 872 2951 proposui
898 2873 978 2950 quod
999 2891 1091 2948 supra
1111 2873 1233 2950 legitur:
1256 2882 1409 2948 praeterea

73 2975 191 3051 [liberis
213 2974 374 3049 eorundem]
398 2977 580 3034 decurionum
602 2985 628 3034 et
649 2975 863 3051 centnrio[nam,
885 2979 936 3051 qai
957 2993 1019 3034 cum
1034 2975 1096 3052 filis
1118 2975 1160 3050 in]
1178 2973 1360 3052 procinc(ia)
1376 2993 1409 3032 en

73 3097 106 3136 se
129 3080 291 3154 procreatis
313 3077 427 3153 [milites
448 3079 489 3136 ibi
510 3077 675 3153 castei]iani
701 3087 805 3150 essent3
834 3086 896 3150 aut,
923 3081 949 3136 si
976 3077 1023 3136 cui
1050 3077 1145 3154 magis
1172 3076 1301 3154 placebit
1327 3077 1408 3136 filios

75 3200 138 3238 non
168 3180 245 3238 inter
270 3179 463 3252 castellanos,
491 3179 543 3238 sed
571 3179 661 3238 solita
687 3180 802 3238 ratione
828 3179 1020 3250 militavisse,
1050 3179 1106 3238 sic:
1131 3190 1279 3255 praetereo
1301 3179 1410 3255 [liberis

76 3281 242 3357 eorundem]
265 3282 444 3340 &maenam
466 3291 492 3339 et
513 3280 725 3357 smirnamum,
752 3285 803 3358 qai
824 3283 955 3359 probatis
976 3280 1039 3358 filis
1062 3281 1105 3356 in]
1125 3281 1305 3358 prostadis)
1328 3301 1361 3340 ea·
1381 3299 1411 3340 se

70 3387 241 3462 procreatis
263 3383 334 3460 [ipsi
355 3383 395 3440 ibi
416 3383 582 3458 oaetsi]lani
602 3393 700 3443 essmt.

119 3485 213 3560 Quod
239 3485 265 3543 si
291 3504 379 3562 quem
406 3485 531 3544 offendit
556 3487 599 3544 ita
625 3506 663 3544 ex
689 3485 727 3544 iis
754 3503 830 3562 quae
856 3485 1036 3563 praecedunt
1062 3485 1145 3561 prius
1172 3503 1289 3545 comma
1314 3486 1410 3544 solum

77 3588 262 3664 cogitatione
284 3587 433 3664 suppleri,
462 3587 576 3646 scilicet
597 3591 735 3646 ciuitatem
758 3589 917 3647 Romanam
938 3589 1026 3660 dedit,
1054 3606 1120 3645 cum
1146 3589 1296 3666 posterius
1319 3596 1345 3646 et
1367 3607 1411 3646 eo-

75 3691 198 3749 nubium
301 3690 423 3767 sinpaiis
446 3691 483 3748 ad
505 3690 583 3748 lilios
604 3709 665 3749 non
684 3699 763 3748 recte
782 3689 938 3763 referatur,
960 3689 1089 3748 tortasse
1106 3691 1162 3748 hoc
1176 3709 1213 3748 ne
1229 3709 1329 3749 verum
1348 3689 1411 3766 qui-

160 3957 184 4022 ι)
213 3961 299 4010 Velim
319 3975 350 4010 ne
370 3959 462 4009 leviter
480 3959 529 4009 hoo
549 3961 691 4022 aestiment,
713 3961 805 4026 quibus
823 3961 909 4010 studia
927 3961 991 4010 hscc
1010 3961 1087 4010 hodie
1106 3975 1182 4012 curae
1198 3967 1258 4010 sunt
1270 3959 1411 4010 adsuefacti

78 4053 266 4117 scriptionibus
285 4053 384 4102 Latinis
403 4067 469 4117 quas
488 4053 607 4102 dicuntur
626 4053 760 4102 doctorum
784 4055 872 4102 tertiae
891 4055 972 4118 magis
991 4068 1067 4118 quam
1087 4053 1214 4102 secundae
1234 4053 1413 4102 declinationis

80 4145 219 4194 hominum
244 4151 269 4193 et
293 4152 429 4210 propterea
456 4159 531 4209 saepe
556 4147 623 4194 iusto
647 4146 771 4194 mitiores.
809 4145 899 4210 Neque
924 4147 992 4194 enim
1017 4145 1060 4194 hic
1078 4146 1162 4208 agitur
1180 4144 1213 4192 de
1232 4145 1306 4195 titulo
1325 4145 1413 4210 aliquo
1496 4163 1500 4176 ·

80 4239 193 4302 privato,
214 4251 278 4301 quos
298 4238 381 4286 omnis
399 4238 502 4300 generis
521 4237 679 4286 soloecismis
698 4237 829 4287 abundare
849 4252 925 4286 nemo
945 4243 1029 4302 negat,
1049 4237 1095 4286 sed
1115 4236 1147 4285 de
1166 4237 1221 4300 lege
1240 4237 1343 4300 publica
1360 4237 1413 4286 eius

80 4329 199 4393 generis,
223 4329 250 4378 in
271 4343 321 4394 quo
340 4328 492 4378 barbarismi
511 4327 592 4378 labris
610 4329 768 4394 imputandi,
793 4329 905 4380 utillud
924 4345 969 4396 qne
988 4344 1035 4393 pro
1055 4343 1130 4393 puae,
1156 4335 1215 4377 ante
1237 4329 1340 4378 tertium
1359 4343 1415 4378 sae-

81 4423 170 4470 culum
189 4420 266 4484 nulli,
291 4421 443 4470 barbarismi
463 4428 560 4481 autem,
585 4421 628 4486 qui
653 4422 686 4471 ad
712 4428 842 4472 auctorem
861 4421 924 4486 legis
943 4421 1058 4482 redeant,
1084 4421 1155 4470 nullo
1175 4427 1290 4485 tempore
1310 4421 1355 4470 ulli
1374 4436 1414 4470 re·

82 4513 228 4578 perluatur.

160 4601 187 4666 ³)
215 4605 280 4656 Inde
300 4621 351 4656 non
370 4607 454 4656 minas
473 4613 540 4656 recte
560 4605 654 4656 dicitur
671 4621 748 4672 nepos
769 4622 800 4658 ea
817 4605 876 4674 filio
895 4613 970 4658 natas
988 4621 1064 4672 qaam
1083 4621 1161 4674 nepos
1178 4621 1209 4657 ea
1225 4605 1296 4674 filia.
1334 4605 1413 4655 Addo

82 4699 156 4748 locos
176 4699 310 4762 quosdam.
347 4699 446 4748 Ennius
464 4699 556 4762 fragm.
576 4699 628 4748 346
647 4697 764 4748 Vahlen:
789 4714 850 4748 neos
869 4705 894 4750 ts
913 4713 1027 4765 amqnara
1045 4699 1073 4748 in
1089 4698 1208 4766 premam
1227 4697 1335 4750 estotim
1354 4696 1415 4748 libe·

82 4806 169 4840 rornm
183 4795 248 4839 ente
260 4805 345 4856 penas.
378 4791 515 4841 Terentius
528 4791 630 4854 Hecyra
644 4788 711 4840 655:
731 4791 755 4838 si
773 4806 803 4840 ee
820 4806 856 4839 me
876 4790 925 4840 illa
944 4789 1037 4841 liberos
1054 4789 1130 4841 veltet
1147 4789 1205 4841 sibi.
1236 4789 1349 4854 Adelph.
1365 4789 1415 4840 152

83 4898 115 4931 en
138 4897 175 4932 nse
200 4879 242 4932 bic
263 4889 337 4931 natus
359 4897 409 4931 non
433 4889 482 4944 est,
510 4880 554 4930 sed
570 4881 658 4946 fratre
682 4897 713 4930 en
735 4897 795 4932 meo.
838 4883 975 4934 Sallustius
993 4883 1049 4947 Ing.
1071 4883 1095 4945 5,
1109 4882 1139 4933 7:
1163 4883 1187 4931 is
1204 4880 1373 4932 Adherbalem
1392 4887 1416 4930 et

84 4971 256 5041 Hiempsalem
278 4989 309 5023 ea
330 4989 383 5024 sese
400 4975 487 5039 yenait
505 4971 698 5040 Iapnrtbamqae
717 5009 771 5024 ...
791 4973 874 5024 eaden
893 4973 961 5024 onita
980 4991 1027 5040 pao
1047 4972 1140 5024 liberos
1158 4990 1217 5024 arios
1235 4973 1303 5024 domi
1318 4971 1415 5023 babnit.

85 5067 213 5131 Ulpianus
233 5065 292 5130 Dig.
306 5067 349 5127 49,
367 5065 408 5126 15,
425 5067 458 5114 21
473 5083 526 5130 pr.:
549 5067 573 5115 si
591 5066 647 5132 qais
729 5081 760 5114 aa
778 5083 804 5115 se
822 5074 907 5116 natam
925 5064 971 5116 aab
990 5065 1062 5116 titulo
1081 5067 1208 5116 naturalis
1224 5065 1281 5132 fita·
1362 5083 1414 5116 ma-

84 5157 222 5208 numiserit.
262 5157 302 5207 cl.
322 5158 439 5208 Handius
457 5158 487 5209 in
505 5158 652 5208 Tursellino
673 5159 687 5206 2
708 5173 733 5221 p.
749 5158 810 5209 636.

163 5246 189 5311 ³)
217 5249 303 5298 Simili
321 5250 421 5300 ratione
440 5248 496 5314 lege
516 5257 618 5299 cautam
637 5256 692 5299 erat
710 5257 739 5299 ut
756 5251 819 5300 socii
833 5251 945 5302 nominis
964 5249 1050 5303 Latini
1071 5252 1138 5300 cives
1156 5249 1267 5302 Romani
1286 5251 1376 5300 tierent
1394 5250 1417 5300 ii

85 5344 129 5409 qai
147 5342 249 5410 stirpem
268 5357 299 5392 ee
316 5357 368 5392 esee
386 5341 454 5391 domi
470 5341 639 5410 relinquerent
658 5341 724 5404 (Lis.
738 5343 782 5406 41,
798 5341 833 5406 8).
860 5326 866 5340 “

1143 5429 1205 5492 34“
