3428 5970
402 563 570 616 uususnu
588 565 709 616 svrrc.
729 565 781 616 an
801 565 927 620 annm.
948 565 1031 617 vou.
1041 567 1091 617 vr.
1338 545 1412 618 483

62 739 230 797 manserit
248 739 413 797 litterarum
428 740 521 797 ferme
536 745 696 810 ternarum,
717 739 795 798 idem
811 758 830 797 a
844 739 966 798 sinistra
987 740 1124 798 relictum
1143 741 1240 801 fuisse
1262 741 1415 816 probabile

62 841 210 898 videtur.
257 841 374 900 Ternas
400 842 490 918 igitur
517 842 677 918 magistros
698 859 813 900 annuos
837 842 956 900 sodales
979 843 1008 899 hi
1030 843 1206 902 habuerunt.
1250 843 1414 902 Numerum

60 942 230 1000 sodalium
254 963 315 1002 non
334 963 472 1022 magnum
496 944 588 1002 inisse
610 943 677 1001 inde
700 943 858 1020 colligitur,
881 945 971 1020 quod,
993 963 1060 1002 cum
1075 944 1240 1003 iterationis
1263 955 1335 1004 nota
1355 945 1414 1002 fre·

59 1047 280 1119 quentissime
308 1047 399 1116 adsit,
435 1064 524 1123 saepe
552 1045 664 1104 eisdem
694 1045 863 1104 hominibus
889 1046 996 1104 iterata
1022 1047 1085 1104 vice
1116 1047 1288 1124 magisteria
1314 1047 1413 1107 delata

60 1165 136 1204 esse
162 1155 264 1224 patet.
308 1147 434 1207 Sodales
460 1157 558 1206 autem
580 1145 646 1205 loco
668 1166 729 1205 non
750 1147 855 1205 humili
878 1155 964 1206 natos
986 1165 1052 1206 esse
1074 1149 1236 1208 verisimile
1259 1159 1318 1220 est,
1344 1169 1413 1208 cum

61 1270 101 1306 ne
127 1271 232 1308 unum
255 1251 371 1326 quidem
394 1251 564 1308 libertinum
587 1268 750 1325 cognomen
775 1257 919 1308 occurrat.
956 1248 1088 1308 Nomina
1109 1251 1175 1328 ipsa
1195 1253 1284 1311 nimis
1307 1251 1413 1311 mutila

62 1361 152 1424 sunt,
176 1371 272 1428 quam
293 1361 327 1410 ut
347 1352 384 1409 ad
407 1353 489 1410 viros
511 1352 629 1410 aliunde
652 1361 739 1409 notos
763 1371 799 1409 ea
820 1352 931 1408 referre
953 1353 1127 1422 audeamus3
1149 1373 1186 1411 ne
1211 1353 1307 1412 Umbri
1322 1355 1364 1428 (v.
1379 1354 1411 1430 3)

60 1456 200 1530 quidem
219 1465 247 1512 et
263 1454 308 1529 [K
310 1454 380 1529 ]oaii
395 1453 436 1528 (v.
453 1455 486 1530 7)
502 1473 675 1530 cognomen,
697 1472 822 1528 quorum
839 1453 964 1512 alterum
981 1455 1107 1529 primum
1123 1455 1153 1513 ni
1168 1454 1258 1514 fallor
1272 1457 1328 1515 hoo
1342 1457 1410 1515 loco

62 1558 204 1616 emersit
226 1589 267 1598 -—
289 1576 356 1614 nam
379 1556 482 1632 figlina
497 1557 532 1628 V,
546 1559 636 1626 8115,
649 1559 683 1608 82
705 1557 835 1614 incertae
854 1556 990 1614 lectionis
1006 1557 1041 1613 ad
1057 1565 1189 1614 nostram
1209 1577 1271 1616 rem
1291 1559 1410 1616 omnino

59 1679 124 1716 ιιοιι
151 1660 233 1716 iacit
256 1691 304 1730 —,
327 1659 453 1716 alterum
476 1667 505 1716 et
527 1659 626 1734 ipsum
650 1679 709 1716 ιιοιι
732 1675 823 1732 saepe
845 1659 981 1732 occurrit,
1005 1659 1078 1717 satis
1101 1668 1211 1717 certam
1234 1661 1408 1738 iuterpreta-

60 1762 186 1818 tionem
211 1761 379 1818 admittunt
413 1760 448 1817 V.
466 1762 484 1817 4
500 1761 561 1818 et8
585 1769 685 1836 potest
705 1760 797 1818 fuisse
820 1759 978 1836 [Secpruu
1000 1762 1080 1836 quod
1102 1779 1208 1820 nomen
1230 1781 1296 1820 cum
1320 1781 1409 1840 saepe

60 1865 221 1922 usitatum
246 1863 294 1932 sit,
316 1863 426 1921 certius
449 1862 560 1938 aliquid
582 1861 652 1920 inde
674 1861 790 1920 efficere
813 1880 873 1920 non
894 1880 1065 1936 possumus.

153 1967 227 2025 Iam
256 1966 390 2023 conferre
416 1965 530 2023 iuvabit
559 1964 661 2022 titulos
689 1963 808 2022 vol.Vl
830 1984 857 2022 ιι.
882 1963 971 2024 1985.
994 1963 1193 2039 19881987,
1220 1966 1327 2042 quibus
1349 1985 1409 2024 aaa·

60 2073 198 2144 pistoria
220 2088 318 2126 annua
339 2068 484 2125 sodalium
505 2067 708 2142 Augustalium
729 2066 924 2126 Claudiab'um
946 2067 1090 2126 contineri
1111 2068 1191 2134 tertii
1213 2069 1408 2144 praescriptio

61 2171 217 2230 ostendit.
245 2168 447 2228 Constitutum
463 2169 554 2245 igitur
569 2179 616 2226 est
630 2169 786 2246 collegium
803 2169 1014 2245 Augustalium
1029 2176 1057 2227 et
1072 2170 1169 2247 ipsum
1185 2189 1211 2227 a.
1225 2191 1253 2247 p.
1267 2169 1336 2229 Chr.
1353 2172 1389 2228 14
1398 2193 1406 2242 ;

61 2275 239 2350 magistros
262 2273 325 2330 eius
346 2273 442 2330 fuisse
465 2289 587 2330 numero
605 2280 666 2328 tres
681 2283 786 2330 contra
800 2271 1000 2350 Borghesium
1021 2281 1100 2329 recte
1123 2274 1227 2330 statuit
1248 2273 1408 2332 Mommse-

62 2394 124 2433 nus
151 2375 210 2450 (ci.
227 2373 361 2432 Henzeni
383 2383 444 2432 not.
463 2371 632 2431 advolvi
652 2393 680 2430 n.
700 2373 792 2446 19873
815 2373 935 2431 Dessau
950 2373 1037 2432 huius
1052 2374 1118 2448 eph.
1135 2374 1194 2432 vol.
1211 2374 1257 2432 Ill
1273 2394 1301 2450 p.
1318 2375 1406 2451 109);

61 2489 269 2536 recensentur
291 2477 321 2533 in
343 2475 429 2534 fastis
451 2475 515 2533 cius
538 2475 607 2534 anni
629 2476 680 2546 ita,
709 2486 740 2533 ut
762 2477 860 2551 priore
882 2476 949 2534 loco
971 2475 1127 2533 consulum
1150 2478 1281 2548 nomina,
1308 2485 1405 2555 poste-

62 2582 146 2639 riorc
172 2579 244 2636 anni
265 2597 405 2636 numerus
427 2575 610 2654 ponatur¹);
633 2596 685 2636 eos
707 2577 798 2655 igitur
819 2577 856 2634 de
877 2577 984 2653 quibus
1013 2579 1128 2654 agimus
1154 2578 1249 2637 fastos
1272 2590 1301 2637 et
1322 2580 1405 2654 ipsos

63 2683 233 2740 exordium
264 2699 369 2756 capere
396 2681 433 2738 ab
461 2699 487 2737 a.
512 2681 564 2750 14,
598 2679 920 2757 praescriptionemque
950 2699 1017 2738 unu.
1047 2679 1192 2737 CXXIII
1219 2681 1404 2740 referendum

63 2802 137 2842 esse
162 2785 204 2842 ad
226 2783 412 2841 consulatum
434 2781 505 2840 Veri
528 2791 557 2839 et
578 2781 755 2856 Pompeiani
776 2781 835 2839 iam
857 2791 990 2858 apparet.
1033 2781 1174 2840 Paucitas
1196 2791 1294 2840 autem
1317 2782 1404 2841 soda-

62 2887 138 2946 lium
165 2886 380 2962 Augustalium
406 2893 435 2943 et
461 2884 580 2942 aliunde
604 2894 675 2942 nota
697 2893 744 2941 est
765 2916 803 2928 —
826 2883 944 2942 suerunt
965 2902 992 2941 a.
1016 2883 1185 2942 135-137
1213 2903 1334 2942 numero
1360 2885 1404 2942 vi-

65 2991 142 3068 ginti
168 2997 284 3066 septem
312 3020 350 3029 -
379 2996 409 3044 et
434 2987 545 3060 optimc
571 2987 712 3044 convenit
739 3005 805 3044 curn
831 2985 875 3044 eis
899 3004 975 3062 quae
996 2986 1084 3044 modo
1106 2985 1143 3043 de
1164 2986 1320 3044 iteratione
1342 3005 1403 3045 ma-

66 3093 263 3170 gisteriorum
286 3088 526 3158 observavimus;
549 3088 720 3164 quidquod
743 3093 773 3145 in
795 3089 961 3166 fragmento
984 3109 1012 3146 n.
1032 3089 1108 3146 1987
1128 3107 1186 3146 ιιοιι
1201 3089 1298 3147 solum
1315 3090 1403 3147 itera·

66 3203 130 3252 tum
156 3193 211 3253 sed
233 3194 323 3250 etiam
345 3191 473 3267 primum
495 3199 665 3266 susceptum
688 3191 889 3266 magisterium
911 3191 1094 3266 significatur
1115 3192 1194 3249 notis
1212 3206 1231 3247 11
1247 3201 1277 3248 et
1291 3207 1309 3262 1,
1332 3209 1403 3266 qua-

66 3316 135 3354 rum
160 3298 238 3354 hanc
259 3295 413 3352 rarissime
435 3299 587 3369 praeterea
601 3293 632 3350 in
647 3291 791 3350 eiusmodi
813 3292 899 3351 fastis
923 3323 960 3334 —-
984 3295 1066 3351 velut
1081 3293 1175 3351 titulis
1191 3294 1402 3369 magistrorum

65 3400 197 3458 sontium
224 3431 261 3440 -
289 3403 463 3474 usurpatam
489 3395 632 3452 invenies.
675 3393 813 3470 Denique
839 3395 957 3453 sodales
980 3395 1162 3472 Augustales
1184 3395 1278 3452 lectos
1299 3413 1402 3454 essee

63 3501 243 3577 primoribus
266 3502 387 3559 unitatis
410 3507 511 3554 notum
535 3507 581 3555 est
603 3495 690 3571 (Tac.
714 3515 782 3554 ann.
808 3497 834 3568 1,
856 3496 920 3572 54).
969 3495 1054 3570 Quae
1080 3515 1145 3553 cum
1167 3497 1210 3554 ita
1231 3497 1300 3568 sint,
1322 3497 1400 3576 frag·

65 3614 204 3662 mentum
235 3602 292 3660 hoc
321 3600 486 3658 addendum
520 3607 566 3656 est
598 3597 636 3658 ad
665 3598 760 3657 fastos
789 3597 935 3656 sodalium
962 3599 1170 3674 Augustalium
1197 3595 1399 3658 Claudialium

66 3705 141 3779 (vol.
156 3703 203 3762 Vl
226 3723 255 3780 p.
271 3703 357 3778 446).

154 3807 293 3882 Denique
319 3805 400 3881 quod
426 3805 483 3862 hoc
511 3804 711 3880 fragmentum
741 3819 800 3860 non
826 3801 954 3860 Bovillis
981 3803 1081 3860 eodem
1114 3819 1174 3877 quo
1206 3811 1305 3862 cetera
1331 3803 1398 3862 loco

68 3911 223 3970 inventum
246 3921 300 3980 est,
323 3909 481 3983 quominus
502 3906 661 3983 iungamus
682 3905 764 3963 nullo
787 3905 874 3962 modo
895 3904 1033 3980 impedit:
1056 3923 1092 3962 ea
1109 3911 1155 3963 est
1169 3905 1246 3962 enim
1262 3905 1397 3964 condicio

68 4013 284 4088 parietinarum
305 4030 322 4066 e
343 4010 451 4084 quibus
474 4017 639 4065 extractum
663 4015 722 4076 est,
751 4019 784 4064 ut
810 4024 869 4082 quo
895 4006 961 4063 loco
983 4007 1106 4081 antiqua
1126 4015 1223 4066 aetate
1243 4007 1398 4086 inscriptio

68 4115 239 4190 prostiterit
259 4111 326 4170 inde
353 4111 494 4168 certiores
521 4129 581 4167 non
607 4109 723 4166 fiamus.
769 4109 874 4184 Itaque
901 4119 931 4166 et
958 4109 1034 4166 hanc
1062 4108 1192 4166 tabulam
1219 4117 1249 4166 et
1274 4109 1395 4167 alteram

67 4237 94 4274 ιι.
113 4217 196 4276 1984
218 4233 257 4272 ex
280 4214 428 4272 destructo
451 4211 561 4270 sacello
583 4210 730 4269 sodalium
753 4211 965 4287 Augustalium
980 4210 1144 4268 Bovillensi
1170 4210 1200 4268 in
1223 4211 1324 4268 urbem
1346 4211 1396 4269 de·

66 4317 160 4378 latam
182 4335 250 4376 esse
273 4315 334 4374 veri
355 4332 415 4373 non
436 4312 581 4372 dissimile
605 4312 731 4372 ridetur.

165 4608 188 4671 l)
217 4607 293 4668 Quod
311 4609 337 4656 iu
357 4621 388 4656 eo
408 4607 440 4655 dc
459 4623 510 4671 quo
530 4607 628 4670 agimus
647 4605 790 4669 fragmento
810 4605 943 4654 consulum
962 4606 1068 4654 nomina
1086 4621 1139 4655 non
1159 4605 1258 4655 duobus
1277 4607 1322 4656 sed
1342 4622 1393 4656 uuo

68 4718 141 4753 versu
161 4701 313 4762 scribuntur,
334 4700 453 4750 convenit
471 4715 530 4749 cum
548 4697 793 4764 praescriptionibus
812 4711 938 4746 annorum
953 4699 985 4747 18
1000 4697 1036 4759 (n.
1053 4697 1132 4760 1985)
1152 4705 1178 4748 et
1197 4697 1230 4749 69
1252 4697 1286 4760 (n.
1304 4698 1392 4760 1986),

70 4795 197 4859 discrepat
216 4809 272 4842 cum
292 4792 533 4858 praescriptionibus
552 4807 576 4840 a.
592 4791 652 4840 213.
668 4791 720 4839 214
741 4789 776 4850 (n.
793 4789 881 4850 1987).

1066 4961 1123 5023 Cn.
1145 4962 1307 5023 lluatsau.
