3532 5964
527 726 579 776 ao
606 725 760 778 mrvnos
787 724 982 777 mseauos.
1395 707 1416 775 5

90 919 166 958 unum
193 919 230 958 ex
255 901 352 976 legati
382 898 538 958 comitibus
566 901 721 977 parentela
748 907 821 974 pute
849 915 915 956 cum
938 915 973 955 eo
995 898 1186 958 coniunctum
1208 907 1238 958 et
1260 897 1416 977 dignitatis

90 1003 215 1061 celsioris
235 1002 399 1074 hominem,
429 1002 551 1060 morbus
573 1001 614 1060 ibi
636 1001 839 1078 corripuisset.
885 998 950 1058 lam
972 1009 1060 1059 antea
1082 1001 1204 1060 Matrito
1227 998 1415 1077 Olisiponem

90 1105 301 1180 proficiscentes
324 1121 362 1162 ee
385 1104 581 1176 deverterant,
603 1105 798 1180 antiquitates
821 1113 919 1162 autem
941 1101 999 1161 1οοί
1020 1103 1223 1182 neglexerant

163 1207 198 1264 ln
214 1207 423 1265 altercantem
440 1205 496 1264 hac
511 1206 641 1283 quinque
658 1206 772 1266 dierum
788 1207 1022 1266 commoratione
1036 1207 1135 1265 lecum
1151 1213 1288 1264 accurate
1304 1203 1415 1262 deseri·

91 1310 127 1367 bit
141 1307 322 1368 Venturinus
345 1308 365 1366 i.
385 1307 442 1366 187
456 1328 498 1367 a:
521 1305 628 1384 ‘questo
644 1309 718 1367 duee
735 1311 749 1366 1
765 1307 911 1369 (liuvensi
931 1312 1007 1368 duee
1022 1311 1054 1368 di
1068 1307 1236 1384 Bruqurua,
1259 1307 1290 1364 di
1305 1305 1415 1364 Barea·

91 1412 139 1480 los,
164 1420 236 1470 cotto
264 1411 343 1468 titolo
370 1410 417 1469 del
435 1410 517 1487 flqlio
543 1410 691 1482 Tendens,
717 1431 731 1470 e
757 1413 900 1470 mareloco
927 1414 958 1470 di
983 1412 1059 1472 Villa
1086 1411 1215 1482 Veezoce,
1238 1429 1252 1468 e
1276 1405 1363 1466 Corte
1384 1409 1416 1466 di

95 1509 164 1584 l're',
185 1513 304 1572 divitias
325 1513 392 1572 eius
413 1529 536 1588 magnas
556 1513 694 1588 vitaeque
716 1512 904 1588 splendorem
927 1514 1088 1592 praedicat,
1110 1521 1140 1571 et
1160 1513 1238 1572 inter
1259 1509 1318 1568 elia
1340 1509 1415 1568 haee

91 1614 164 1672 addit
188 1614 221 1690 (i.
238 1613 327 1690 238),
354 1609 446 1673 ‘hebbi
470 1619 568 1690 qratia
594 1616 625 1672 di
652 1617 737 1674 ceder
762 1617 793 1674 di
819 1635 910 1674 nuovo
938 1617 968 1676 la
995 1617 1112 1675 libreria
1138 1615 1185 1673 del
1210 1615 1285 1672 duee
1308 1611 1414 1688 (quam

91 1736 149 1776 eum
168 1717 308 1776 habuisse
329 1717 402 1774 dicit
423 1718 460 1775 ab
483 1735 540 1775 evo
562 1717 681 1788 lacobo,
706 1715 844 1790 erasme,
868 1733 897 1778 et
919 1729 1002 1794 patre
1024 1717 1211 1792 Theodosio)
1234 1735 1247 1774 e
1265 1713 1413 1792 piqliome

90 1837 137 1894 per
158 1820 263 1896 leqqere
285 1839 303 1878 u
325 1820 439 1894 diporto
467 1838 509 1875 un
537 1819 626 1876 libro
656 1823 689 1877 in
711 1839 807 1879 muno
829 1823 865 1879 di
886 1823 1031 1898 epitassi
1053 1819 1185 1879 antichi
1199 1819 1273 1894 fatti
1294 1833 1412 1875 recurre

93 1922 138 1978 dul
166 1923 237 1980 duee
259 1921 407 1992 Teodeaie,
434 1922 532 1979 lucore
565 1923 786 1994 studiosissime,
819 1923 858 1980 da
890 1925 997 1982 diensi
1029 1923 1105 1982 loelti
1137 1923 1168 1979 di
1194 1918 1317 1997 Speque
1342 1937 1356 1977 e
1383 1919 1415 1976 di

92 2023 255 2100 1111191111,
288 2043 303 2082 1
326 2027 408 2100 preci
438 2027 521 2100 eopia
554 2022 600 2082 de'
634 2026 809 2098 infrascritti
838 2029 891 2101 piu
920 2025 1080 2102 poneipali
1110 2024 1195 2100 deqru
1227 2023 1258 2080 ei
1288 2013 1410 2080 notitia'.

93 2125 192 2202 Incipit
205 2126 271 2185 inde
286 2126 382 2184 altera
396 2125 539 2183 itinerarii
555 2143 636 2202 pars,
652 2145 741 2202 quam
754 2128 791 2186 ab
806 2127 889 2186 illius
905 2128 961 2186 loci
978 2127 1073 2186 titulis
1085 2125 1270 2184 Venturinus
1286 2123 1412 2198 inaugu-

92 2237 173 2286 ratur.
211 2225 358 2286 Novimus
380 2227 584 2287 Theodosium
605 2227 709 2286 ducem
725 2229 906 2308 Bragantiae
926 2229 1029 2288 titulos
1048 2227 1096 2288 dei
1111 2225 1301 2286 Endovcllici
1320 2224 1411 2284 colle·

92 2331 164 2404 gisae
184 2329 233 2406 (cl.
256 2349 333 2406 quae
347 2329 411 2387 dixi
427 2331 484 2388 vol.
501 2329 532 2388 ll
548 2348 576 2405 p.
597 2329 659 2405 17),
682 2331 734 2389 sed
750 2331 886 2408 syllogen
908 2331 1135 2406 inscriptionum
1156 2327 1294 2390 extitisse
1315 2327 1353 2385 ab
1374 2345 1410 2386 eo

92 2431 244 2490 institutam
278 2431 426 2508 suspicari
460 2443 573 2490 tautum
606 2431 697 2490 licuit.
756 2430 841 2506 Quae
873 2451 952 2491 nunc
985 2433 1103 2492 demum
1139 2431 1240 2508 prodit
1271 2448 1310 2487 ex
1341 2427 1411 2486 Itali

93 2533 209 2593 hominis
240 2534 415 2611 apographo
449 2531 735 2610 (1.238-2411)
773 2535 847 2594 satis
875 2535 964 2610 pleno
997 2535 1061 2594 sine
1093 2533 1184 2594 dubio
1216 2531 1299 2607 (uam
1331 2530 1412 2606 quod

93 2635 156 2694 dicit
187 2637 290 2694 titulos
327 2654 361 2693 se
397 2635 596 2711 exscripsisse
631 2635 811 2713 principales
848 2637 944 2707 soloe,
984 2637 1015 2695 id
1050 2655 1089 2696 ne
1123 2635 1275 2694 videretur
1310 2633 1412 2692 omnia

94 2737 267 2812 impudenter
289 2737 470 2815 compilasse
490 2737 677 2813 adscripsit);
700 2737 729 2796 in
746 2737 950 2815 Portugalliae
966 2741 1044 2797 enim
1060 2736 1246 2797 bibliothecis
1268 2737 1332 2795 eius
1354 2753 1409 2793 uec

94 2839 153 2898 vola
171 2859 222 2898 nee
244 2840 414 2917 vestigium.
458 2837 582 2916 Sylloge
603 2839 679 2898 inter
701 2841 929 2916 antiquissimas
952 2839 1091 2900 habenda
1112 2847 1167 2911 est,
1189 2857 1265 2914 quae
1287 2836 1408 2914 quidem

93 2940 118 2996 in
143 2941 203 3019 ipsa
230 2941 418 3019 Portugallia
443 2942 598 3002 institutae
625 2941 686 3000 sint
712 2942 872 3018 (vetustior
898 2951 978 3002 certe
1007 2961 1096 3020 quam
1118 2939 1270 3013 Reseudii,
1299 2941 1351 3016 qui
1374 2940 1409 2998 ti·

92 3041 160 3102 tulos
181 3043 444 3121 Conimbrigeuses
471 3044 534 3103 sine
561 3043 654 3102 dubio
681 3063 718 3102 ex
745 3045 797 3103 illa
824 3052 939 3104 tautum
967 3043 1074 3120 novit),
1100 3044 1228 3120 ideoque
1254 3041 1345 3121 digua
1372 3041 1409 3100 de

93 3162 145 3220 qua
166 3147 250 3224 plene
279 3145 433 3206 reseratur.
485 3144 605 3204 Titulos
627 3145 881 3223 Villaviqiosanos
909 3147 956 3204 vel
983 3167 1022 3206 ex
1049 3145 1159 3204 vicinia
1180 3143 1408 3220 Villaviciosam

93 3245 193 3306 deletes
218 3267 272 3326 per
298 3248 403 3306 ducem
430 3247 554 3306 eundem
582 3247 785 3306 Theodosium
813 3249 1050 3326 quattuordecim
1076 3263 1201 3306 numero
1234 3245 1313 3322 (noti
1339 3255 1408 3304 suut

93 3351 198 3409 omnino
219 3350 324 3429 viginti
350 3348 438 3425 duo),
465 3367 484 3406 a
505 3349 612 3425 quibus
639 3350 756 3429 sylloge
781 3351 895 3428 incipit,
924 3357 956 3408 ut
981 3356 1214 3409 consentaneum
1240 3357 1297 3420 est,
1325 3347 1407 3406 exci-

93 3450 166 3525 piunt
193 3451 362 3511 discrimine
392 3451 476 3510 nullo
511 3449 775 3530 Conimbrigenses
805 3461 864 3511 tres
895 3471 961 3511 eum
988 3452 1048 3510 loci
1076 3451 1180 3510 incerti
1206 3451 1318 3510 inedito
1346 3469 1406 3508 uuo

94 3552 129 3626 (u.
144 3553 183 3628 9),
209 3565 238 3613 11
264 3555 430 3612 recentiore
455 3573 514 3612 uno
540 3554 648 3612 litteris
671 3553 831 3613 Hebraicis
859 3555 1003 3630 inscripto
1024 3553 1156 3613 hominis
1178 3551 1292 3624 ludaei,
1318 3570 1405 3628 quem

94 3657 193 3714 omitto.
235 3656 319 3714 luter
349 3655 467 3714 titulum
493 3655 552 3714 vol.
570 3655 602 3714 II
629 3676 657 3713 n.
675 3656 734 3716 369
763 3667 793 3715 et
819 3655 1001 3715 Hebraieum
1028 3656 1114 3714 illum
1140 3653 1334 3730 interpositus
1361 3661 1407 3713 est

92 3755 205 3817 ineditus
227 3759 286 3817 loci
308 3759 414 3816 incerti
436 3757 562 3817 medius.
607 3755 777 3834 Sequuntur
800 3757 1032 3836 Olisiponenses
1054 3757 1114 3815 duo
1137 3756 1184 3816 vel
1211 3765 1272 3816 tres
1295 3757 1405 3833 potius,

93 3875 203 3933 quorum
220 3877 298 3918 unus
313 3879 407 3936 paene
422 3878 476 3935 pro
491 3859 602 3919 inedito
617 3860 784 3932 habendus,
807 3859 913 3918 deinde
928 3859 1164 3935 Aquiflaviensis
1180 3876 1256 3917 unus
1272 3859 1405 3918 omnium

93 3961 262 4022 notissimus.
306 3961 504 4039 interpositus
519 3961 626 4020 deinde
641 3970 697 4034 est,
720 3963 847 4021 fortasse
869 3963 913 4020 rei
934 3962 1061 4021 alicuius
1082 3959 1277 4039 explicandae
1299 3963 1406 4038 gratia

92 4062 182 4123 titulus
195 4065 401 4124 llureouensis
418 4065 557 4122 Baeticae
576 4081 664 4136 uuus,
686 4082 773 4140 quem
796 4065 949 4142 excipiunt
961 4063 1165 4123 Bracarenses
1187 4080 1242 4122 sex
1264 4062 1404 4140 (quorum

91 4163 148 4222 item
169 4167 253 4225 testis
275 4165 440 4225 Lusitanus
463 4167 690 4242 antiquissimus
713 4165 776 4224 dux
798 4165 988 4226 Theodosius
1010 4165 1082 4242 est),
1108 4164 1308 4240 Hispalenses
1334 4173 1404 4240 tres,

92 4263 286 4328 Cordubenses
309 4268 378 4340 duo,
405 4267 592 4346 Capereuses
614 4268 683 4326 salsi
704 4268 762 4326 duo
786 4269 828 4344 (u.
845 4267 903 4327 80·
927 4268 995 4344 83⁶)
1017 4269 1080 4326 noti
1102 4266 1232 4343 antiquis
1255 4269 1404 4341 omuibus,

90 4375 140 4426 tum
164 4371 267 4430 iterum
290 4371 533 4448 Aquillavienses
562 4388 629 4442 sex,
656 4371 732 4428 inter
755 4388 829 4446 quoe
856 4388 932 4428 unus
960 4369 1091 4428 ineditus
1119 4375 1166 4427 est
1191 4367 1234 4442 (n.
1250 4367 1318 4444 21),
1345 4389 1404 4428 uua

91 4487 145 4528 cum
164 4473 296 4532 miliariis
312 4473 429 4531 duobus
445 4471 624 4531 Braearensi
639 4481 668 4530 et
684 4471 910 4548 Aquiflaviensi.
955 4472 1113 4530 Adduutur
1134 4473 1165 4529 in
1186 4471 1245 4529 fine
1268 4469 1404 4548 syllegae

91 4571 155 4632 tituli
186 4575 299 4653 aliquot
331 4575 437 4633 aetatis
466 4574 594 4634 recentis
622 4573 789 4633 Toletanus
818 4571 1065 4633 salmanticensis
1094 4570 1339 4650 Complutenses3
1372 4573 1402 4631 hi

90 4673 268 4737 inhonorem
289 4677 445 4737 Francisei
466 4675 614 4735 Ximeuez
636 4675 796 4734 cardinalis
817 4675 985 4752 compositi.

159 4776 341 4838 Venturinus
363 4786 460 4837 autem
487 4797 554 4837 cum
577 4777 747 4854 patriarcha
769 4795 825 4836 suo
847 4797 901 4854 per
923 4778 1056 4852 Bedejoe
1077 4777 1240 4836 Beneuento
1264 4775 1402 4849 (latislao,

90 4897 169 4956 prope
187 4881 266 4958 quod
287 4881 391 4940 titulos
411 4881 525 4958 aliquot
544 4879 688 4938 miliarios
709 4881 773 4938 viae
788 4879 942 4940 Romanae
958 4879 988 4937 lo
1004 4879 1134 4938 Colzudo
1153 4879 1250 4938 dictae
1270 4879 1403 4954 descrip-

89 4981 129 5053 sit,
147 4983 249 5044 deinde
264 5003 318 5062 per
333 4983 512 5044 Salamaecu
533 4982 701 5042 Valladclid
711 4981 828 5058 Burqce
839 4981 992 5040 Brioieceu
1011 4981 1121 5040 Vitoriu
1135 4980 1247 5056 oppida
1262 4979 1401 5057 Hispana

89 5079 206 5144 Galliam
233 5087 309 5163 petit
334 5093 424 5161 atque
452 5083 633 5162 Burdigalae
660 5103 727 5142 cum
755 5083 898 5142 cardinali
926 5083 1023 5142 denuo
1051 5083 1198 5142 convenit.
1243 5083 1318 5140 Inde
1344 5079 1401 5141 Ca-

88 5186 135 5242 roli
152 5187 196 5245 IX
222 5189 302 5265 regis
325 5187 424 5246 aulam
451 5187 481 5244 in
508 5188 579 5245 urbe
601 5185 685 5245 Bloie
708 5203 768 5244 una
795 5187 927 5245 invisunt
948 5195 1036 5262 atque
1058 5185 1164 5244 deinde
1186 5203 1239 5260 per
1259 5183 1400 5260 Lugudu-

87 5304 145 5344 num
171 5298 200 5346 et
226 5289 323 5368 Alpes
350 5288 500 5348 Poeninas
532 5290 563 5346 in
596 5287 716 5346 ltaliam
747 5287 884 5362 redeunt;
916 5288 963 5346 die
991 5285 1039 5344 24.
1067 5307 1105 5344 m.
1134 5286 1234 5344 Martii
1262 5305 1288 5342 a.
1321 5283 1399 5342 1572

84 5383 251 5450 Venturinus
278 5391 421 5450 Fabriani
446 5389 542 5450 Lares
573 5391 687 5467 patrios
722 5391 835 5450 recolit.
885 5391 921 5448 In
948 5391 1005 5448 hac
1030 5387 1136 5447 ultima
1166 5387 1283 5447 itineris
1316 5391 1401 5462 parte
