3530 5972
456 671 754 732 cessevnmoaas
772 667 1055 727 arrennrsrcsn.
1343 639 1416 726 '541

89 853 176 912 deret
199 853 388 930 singulisque
411 851 544 928 singulae
567 859 667 927 partes
690 851 861 927 provinciae
883 851 1065 919 attribueret,
1086 866 1163 926 quae
1185 849 1238 908 sub
1261 867 1297 907 eo
1319 865 1423 906 cense-

88 967 182 1014 retur.
220 955 269 1012 Ita
291 954 417 1013 Tacitus
429 953 457 1029 ¹)
483 962 587 1012 narrat
607 951 817 1012 Germanicum
843 971 950 1011 census
973 950 1141 1012 Galliarum
1167 951 1361 1027 accipientem
1384 949 1422 1007 ad

89 1075 142 1115 eos
166 1057 286 1116 misisse
308 1057 342 1114 P.
356 1056 510 1114 Vitellium
534 1065 564 1114 et
584 1053 619 1114 C.
635 1057 758 1115 Antium
781 1073 820 1114 ex
841 1055 998 1114 comitibus
1020 1055 1095 1127 suis3
1129 1053 1324 1131 similiterque
1344 1051 1422 1111 iudi-

89 1161 221 1218 candum
248 1169 294 1217 est
318 1160 355 1216 de
381 1159 435 1231 iis,
467 1175 543 1234 quos
571 1157 650 1216 tituli
677 1158 879 1236 suppeditant,
906 1157 1054 1235 equestris
1079 1157 1141 1216 lere
1166 1157 1227 1215 loci
1251 1157 1340 1228 viris,
1370 1153 1422 1230 qui

90 1279 202 1322 census
231 1261 381 1337 accepisse
408 1259 545 1319 dicuntur
571 1261 664 1338 partis
692 1259 846 1320 cuiusdam
867 1261 1051 1338 provinciae,
1078 1265 1141 1319 sive
1167 1268 1346 1337 acceperunt
1367 1256 1423 1314 sub

88 1365 193 1441 legato
216 1365 280 1422 eius
302 1363 408 1422 militia
440 1363 542 1439 aliqua
568 1363 699 1438 equestri
726 1357 922 1440 fungentes²)
950 1365 1013 1422 sive
1035 1363 1066 1420 in
1087 1361 1230 1421 comitatu
1250 1360 1341 1438 legati
1363 1358 1423 1417 alio

88 1467 215 1524 nomine
237 1465 442 1540 versantes⁸).
487 1463 653 1524 Secundum
680 1465 835 1542 probabile
861 1477 907 1524 est
931 1466 985 1524 illo
1011 1465 1078 1523 loco
1100 1463 1230 1538 Quirinii
1251 1463 1337 1522 iussu
1358 1479 1424 1519 oen·

92 1587 163 1626 sum
193 1569 302 1645 egisse.
342 1566 460 1627 Census
494 1567 675 1646 intellegitur
702 1567 824 1626 omnino
851 1567 1024 1626 notissimus
1051 1567 1104 1625 ille
1131 1567 1215 1625 cuius
1244 1565 1424 1625 mentionem

91 1671 248 1748 Iosephus
274 1670 346 1728 facit
370 1669 392 1728 l.
411 1669 465 1728 181
490 1689 520 1728 n.
564 1689 572 1726 ι
608 1659 742 1751 Κυρίνιος
864 1659 909 1726 ἐπὶ
937 1660 1044 1752 Συρίας
1074 1670 1165 1749 παρῆν
1197 1662 1253 1726 ὖπδ
1281 1659 1425 1749 Καίσαρος

90 1765 275 1843 δικαιοδότης
295 1774 347 1830 τοῦ
369 1762 475 1832 ἔθνους
496 1761 709 1838 ἆπεσταλμένος
729 1761 777 1828 καὶ
799 1762 912 1840 τιμητὴς
933 1770 986 1829 τῶν
1008 1767 1108 1828 adeleia
1130 1759 1328 1846 γινησᾶμινος,
1352 1768 1425 1827 Item

90 1895 116 1934 c.
136 1874 213 1948 2,1:
235 1875 291 1932 ruia
311 1863 508 1944 deerrasse-rav
528 1865 617 1956 πὲρας
637 1871 779 1950 ἐχουσῶν,
800 1862 830 1930 αἳ
850 1864 975 1951 ἐγένοντο
996 1875 1155 1954 τριακοστῷ
1175 1861 1223 1929 καὶ
1240 1862 1355 1945 ἑβδόμῳ
1371 1859 1425 1926 drea

91 1971 170 2044 arrd
189 1970 337 2034 Ἀντωνίου
359 1974 388 2032 ἓν
407 1966 509 2051 Ἀκτῖῳ
531 1963 618 2046 ἧτταν
640 1971 694 2032 dard
717 1967 872 2056 Καίσαρος,
900 1975 1001 2034 idest
1025 1973 1303 2034 1111751760.
1347 1973 1425 2031 Eum

90 2097 219 2137 censum
246 2097 307 2136 non
333 2077 371 2136 ad
399 2079 497 2134 atissa
518 2072 567 2146 eda
594 2068 750 2146 οἰκουμένην
775 2079 961 2154 pervenisse,
987 2087 1019 2136 ut
1044 2077 1230 2154 evangelista
1250 2075 1349 2135 Lucas
1366 2075 1424 2148 t,1

91 2201 199 2240 errore
220 2182 358 2258 opinatus
380 2189 436 2250 est,
465 2180 520 2239 sed
546 2179 583 2237 ad
606 2176 724 2256 Syriam
747 2181 932 2256 provinciam
959 2179 1065 2252 solam,
1091 2179 1181 2238 hodie
1207 2179 1314 2256 opinor
1340 2187 1428 2236 extra

92 2283 334 2342 controversiam
360 2282 489 2359 positum
517 2293 572 2354 est,
599 2283 849 2360 confirmaturque
874 2283 973 2342 denuo
994 2283 1081 2342 titulo
1103 2301 1139 2340 eo
1161 2282 1198 2340 de
1219 2301 1280 2359 quo
1300 2281 1426 2358 egimus.

93 2389 237 2464 Apamea
262 2385 338 2444 enim
367 2383 549 2460 intellegitur
571 2385 609 2443 ad
632 2383 776 2444 Orontem
799 2383 906 2462 Syriae
927 2386 1033 2444 civitas
1055 2385 1206 2462 primaria.
1239 2383 1276 2442 In
1298 2402 1334 2442 ea
1354 2382 1427 2440 urbe

93 2490 223 2565 eiusque
244 2487 394 2546 territorio
417 2485 472 2559 (ita
486 2487 565 2546 enim
588 2487 708 2546 omnino
731 2488 833 2546 censio
852 2487 1026 2565 accipienda
1043 2487 1102 2564 eet)
1123 2495 1278 2547 numerata
1292 2503 1360 2544 esse
1375 2485 1428 2542 ho-

94 2591 214 2650 minum
241 2589 358 2665 (itaque
386 2609 446 2648 non
475 2589 606 2648 virorum
635 2597 764 2663 tantum,
798 2591 849 2650 sed
879 2591 1034 2650 mulierum
1064 2608 1183 2666 quoque
1211 2597 1241 2648 et
1268 2604 1428 2665 puerorum

94 2691 342 2771 puellarumque)
364 2691 472 2750 civium
495 2691 626 2766 (scilicet
639 2692 889 2769 Apamenorum),
905 2711 963 2750 non
978 2692 1201 2768 comprehensis
1215 2692 1306 2769 igitur
1321 2689 1428 2762 servis,

95 2795 185 2854 milia
200 2791 314 2852 CXVII
331 2811 369 2851 ex
384 2793 578 2870 inscriptione
594 2794 734 2853 discimus
756 2795 812 2853 hoc
833 2795 952 2853 nomine
973 2795 1073 2865 unica;
1096 2803 1174 2853 certe
1189 2803 1308 2870 praeter
1321 2809 1429 2852 census

96 2898 211 2956 civium
234 2895 436 2954 Romanorum
462 2913 602 2954 numeres
628 2896 680 2955 vix
706 2897 852 2954 habemus
880 2897 944 2956 eins
970 2898 1089 2975 generis
1117 2897 1193 2955 alios
1215 2904 1311 2955 certos
1334 2903 1364 2954 et
1385 2895 1428 2953 in·

97 2999 260 3058 dubitatos.
305 2995 445 3056 Ceteram
467 3017 533 3055 cum
555 3016 609 3056 neo
630 2998 668 3057 de
689 3017 811 3057 numero
834 3000 942 3059 civium
964 3001 1232 3058 intramuranorum
1255 3017 1295 3057 ex
1315 2997 1431 3056 ruderi-

98 3102 159 3158 bus
182 3119 258 3176 quae
285 3109 446 3176 supersunt
473 3100 643 3159 coniectura
669 3100 733 3158 fieri
755 3098 891 3178 possit⁴)
921 3121 975 3161 nec
997 3103 1072 3162 setis
1094 3111 1211 3161 constet
1231 3102 1268 3159 de
1289 3098 1432 3160 territorii

98 3203 221 3274 finibus,
243 3201 330 3260 huius
351 3219 458 3261 census
480 3203 666 3262 resuscitatio
688 3221 767 3280 quae
789 3204 887 3264 adhuc
909 3204 1035 3264 obscura
1055 3205 1175 3265 fuerunt
1195 3204 1248 3264 vix
1269 3203 1411 3263 illustrat.

182 3429 207 3494 ¹)
233 3445 292 3482 ann.
307 3434 332 3494 i,
347 3433 373 3483 6.

182 3521 208 3586 ²)
235 3524 312 3574 Cadit
330 3524 358 3574 id
376 3525 404 3573 in
425 3523 552 3574 tribunum
572 3525 682 3575 militnm
701 3525 810 3590 legionis
829 3527 873 3577 111
891 3529 1037 3594 Augustae,
1063 3529 1104 3579 cai
1123 3535 1234 3580 statuam
1252 3534 1351 3594 ponunt
1369 3524 1430 3577 cici-

102 3623 170 3668 latea
182 3611 330 3666 XXXIII!
345 3633 375 3666 ea
394 3631 469 3683 prou
484 3616 585 3682 Africa,
605 3633 668 3684 qaae
681 3615 726 3667 aab
739 3633 766 3668 eo
780 3634 867 3669 censae
879 3628 936 3670 aunt
955 3621 1014 3682 (rol.
1029 3621 1071 3671 111
1090 3637 1115 3671 n.
1130 3621 1203 3684 388),
1224 3629 1249 3670 et
1261 3621 1287 3670 ln
1301 3620 1432 3670 tribunum

102 3711 215 3775 legionis
229 3710 283 3759 VII
301 3709 432 3774 geminae,
459 3710 502 3774 qui
521 3711 583 3758 item
602 3711 694 3760 missus
714 3718 752 3760 est
776 3717 804 3760 ot
821 3727 908 3761 aenaea
926 3712 1087 3779 accipiendos
1105 3713 1244 3762 civitatium
1263 3709 1367 3762 XXIII

109 3799 250 3852 Vasconum
268 3807 293 3852 et
309 3797 476 3850 Vardalorum
496 3801 556 3862 (rol.
566 3801 606 3851 v1
625 3818 650 3852 n.
662 3801 753 3864 1463),
773 3811 798 3852 et
816 3804 843 3852 in
862 3805 1018 3868 praesectum
1038 3805 1150 3856 cohortis
1163 3805 1191 3854 II
1209 3807 1343 3866 Asturum,
1368 3817 1434 3869 quae

105 3901 192 3945 rutra
210 3893 300 3944 habuit
318 3893 429 3943 Aesicae
448 3893 475 3942 in
493 3892 630 3944 Britannia
655 3894 781 3956 (vol.V11
799 3912 824 3960 p.
840 3894 911 3958 132),
939 3898 1083 3948 crantorem
1101 3898 1192 3949 civium
1209 3895 1375 3948 Romanorum
1393 3913 1433 3947 co·

106 3987 192 4038 Ioniae
213 4021 234 4035 ..
256 3982 422 4036 Caranloduai
440 3985 530 4046 (Orell.
545 3987 618 4046 208).
651 3987 692 4038 cf.
706 3985 866 4038 Staaterccltt
884 3991 909 4052 2,
923 3990 986 4040 411.

186 4075 211 4141 ⁸)
236 4079 275 4129 Eo
291 4079 420 4143 pertinent
437 4093 523 4128 censor
536 4079 649 4128 civitatis
659 4078 944 4145 Remommsoederntae
963 4081 1075 4149 (Herzog
1089 4084 1157 4136 Gall.
1166 4083 1246 4134 Narb.
1260 4099 1286 4134 n.
1297 4084 1359 4132 510.
1370 4082 1434 4144 511)

106 4175 171 4223 item
190 4171 307 4221 tribunos
326 4171 435 4220 militnm
454 4171 563 4235 legionis
576 4172 605 4222 11
623 4173 764 4236 adiutricis,
784 4179 810 4222 et
827 4175 871 4239 qui
889 4190 985 4224 censum
1004 4177 1056 4241 epit
1070 4177 1097 4225 in
1106 4177 1242 4243 prouincia
1257 4173 1346 4224 Gallia
1355 4173 1435 4240 Aqui-

107 4265 196 4315 tanica
215 4263 275 4326 (rol.
286 4263 315 4314 11
327 4263 443 4326 n.4188)
462 4265 523 4314 item
543 4265 659 4315 tribunus
678 4265 788 4315 militum
807 4265 1132 4330 legionisVAlaudarum.
1156 4270 1190 4318 Hi
1209 4269 1231 4317 si
1249 4268 1324 4317 simul
1338 4273 1435 4315 utrum·

109 4373 159 4424 que
178 4353 294 4406 osticium
319 4357 507 4418 sustinuerunt,
533 4358 602 4407 iussu
620 4357 698 4422 legati
723 4359 763 4408 sui
781 4359 975 4422 imperatorisve
997 4360 1024 4408 in
1047 4361 1125 4410 aliam
1144 4361 1302 4425 provinciam
1322 4359 1437 4424 deputati

109 4457 177 4500 sunt.
207 4449 244 4498 At
256 4449 283 4497 id
302 4455 331 4498 ut
348 4453 488 4499 statuamus
509 4465 567 4500 crem
582 4450 650 4500 nihil
666 4457 748 4516 cogat,
768 4451 849 4516 magis
867 4451 1001 4516 probabile
1020 4459 1059 4501 est
1076 4466 1120 4502 eos
1140 4453 1286 4503 civitatibus
1303 4452 1436 4503 censendis

109 4557 216 4607 operam
235 4541 336 4590 dedisse
355 4542 410 4590 sine
428 4542 521 4592 militIa
540 4551 609 4592 certa
626 4543 693 4592 inter
711 4543 817 4592 comites
835 4543 961 4608 praesidia
979 4550 1118 4594 versantes.

186 4631 212 4695 ⁴)
240 4634 372 4698 Apameae
392 4635 486 4684 rudera
505 4635 547 4700 qui
567 4650 649 4700 nuper
667 4635 732 4684 adiit
746 4635 881 4686 Eduardns
895 4635 998 4687 Sachau
1016 4637 1116 4702 collega
1135 4651 1206 4688 meus
1225 4638 1253 4689 in
1272 4639 1438 4689 universitate

110 4725 274 4776 Berolinensi
293 4739 448 4790 quamquam
467 4727 592 4776 ambitum
611 4727 732 4776 ruderum
752 4729 813 4778 satis
832 4727 932 4778 definiri
951 4743 1026 4791 pesse
1045 4731 1155 4794 negarit,
1175 4731 1256 4780 multo
1275 4731 1360 4780 minus
1377 4731 1439 4780 inde

111 4819 143 4868 de
163 4817 258 4868 cirione
277 4831 383 4867 numero
403 4819 576 4869 coniecturam
594 4819 650 4868 fieri
669 4834 752 4884 pesae,
773 4819 941 4869 nihilominus
960 4835 1025 4885 quae
1045 4819 1077 4870 de
1095 4822 1230 4872 ruderibus
1250 4837 1348 4872 mecum
1370 4837 1438 4872 com-

112 4909 251 4960 municarit
270 4909 373 4960 lecturis
391 4909 455 4960 haec
473 4925 526 4960 non
545 4911 675 4962 iuvidebo.
700 4909 755 4962 Der
765 4909 902 4978 Stodtplaa
922 4910 999 4962 ttldec
1017 4913 1057 4963 eia
1073 4912 1153 4964 darcIt
1167 4911 1260 4965 Macer·
1271 4914 1324 4964 aad
1338 4912 1437 4964 Gradere

111 5001 205 5067 aebosy'
217 5001 351 5051 martem
371 4998 507 5068 Odlongam
525 5003 570 5052 mit
588 5002 634 5053 der
651 5001 874 5071 Ldapeara'clttuaq
893 5021 942 5054 voa
960 5002 1037 5055 Nord
1054 5004 1120 5056 nacla
1133 5004 1196 5056 Stid.
1224 5003 1276 5056 Dt'e
1294 5003 1379 5057 Breite
1399 5004 1438 5056 dc-

112 5097 183 5161 trcipt
200 5095 233 5142 im
247 5091 331 5144 Sridea
349 5093 402 5143 aad
419 5095 445 5143 ia
464 5094 509 5144 der
522 5093 595 5146 Mitte
612 5111 691 5162 pepon
709 5093 728 5163 I
746 5095 791 5146 der
803 5093 902 5163 Ldnqe,
923 5099 956 5146 im
968 5095 1073 5148 Norden
1093 5096 1257 5149 betrticdtlicla
1274 5099 1384 5166 weaiqer
1400 5097 1440 5148 ola

112 5186 153 5237 die
171 5167 271 5250 Balsa.
302 5184 341 5236 Im
360 5183 541 5238 Darcdacdm'tt
562 5187 628 5238 karen
652 5205 710 5238 maa
733 5187 774 5238 dic
794 5185 879 5239 Breita
902 5189 985 5256 pleat
1008 5191 1054 5241 der
1067 5188 1158 5256 Hdlfte
1177 5189 1223 5240 der
1239 5187 1329 5256 La'npe
1351 5197 1440 5241 aeteae.

117 5277 248 5340 Thomton,
268 5276 314 5328 der
327 5276 558 5331 Wtedereatdacker
575 5297 624 5330 eoa
637 5281 759 5348 Apamea,
778 5279 874 5332 colicitat
892 5282 933 5332 die
945 5280 1120 5350 Ldaqealim'e,
1141 5282 1290 5350 darqestallt
1308 5281 1387 5334 darcd
1399 5281 1441 5334 dia

116 5369 314 5422 Centralatraece
332 5389 387 5420 vom
399 5369 486 5424 Nord·
504 5389 557 5423 cam
571 5371 690 5434 Sridtltor‚
712 5373 761 5439 aas
777 5373 792 5422 1
806 5375 871 5442 capt.
885 5373 963 5426 Mella
983 5377 1029 5438 (-·
1043 5373 1186 5444 qdeuteete
1201 5373 1279 5428 Mate
1298 5375 1359 5428 oder
1377 5382 1442 5428 etraa
