3390 5970
325 593 399 667 370
926 611 1050 664 csvnn

326 789 380 861 eis,
402 797 434 846 ut
454 787 581 865 possint.
618 785 724 862 Itaque
746 791 887 862 quoniam
910 805 1001 864 supra
1021 785 1152 844 vidimus
1171 805 1268 862 neque
1283 787 1362 863 apud
1377 787 1575 864 praetorianos
1592 809 1631 846 ne·

326 891 435 967 quein
457 889 628 948 cohortibus
651 887 847 949 auxiliaribus
864 888 983 960 milites,
1006 889 1056 964 qui
1073 889 1186 948 vexilla
1200 897 1346 966 gererent,
1368 889 1537 948 vexillarios
1551 889 1632 948 dictos
1681 936 1682 968 ,

326 1010 405 1064 esse,
432 1001 562 1051 statuere
585 1009 763 1067 possumus,
789 991 876 1048 etiam
901 1009 919 1047 a
940 991 1109 1068 legionibus
1133 1009 1169 1048 ea
1190 991 1308 1067 quidem
1337 997 1449 1062 aetate,
1478 1009 1515 1049 ex
1534 1009 1587 1067 qua
1605 993 1634 1048 ti·
1681 1021 1682 1062 t

327 1093 381 1154 tuli
403 1103 537 1166 exstant,
563 1093 623 1152 tale
645 1109 753 1150 munus
776 1091 904 1150 alienum
926 1091 1028 1152 fuisse.
1073 1091 1180 1168 Neque
1202 1101 1302 1150 tamen
1324 1093 1386 1149 veri
1409 1093 1506 1152 simile
1527 1093 1633 1151 esthon

327 1196 528 1274 superioribus
550 1195 735 1271 temporibus
762 1194 848 1254 aliter
872 1195 976 1252 fuisse.
1021 1191 1143 1268 Quare
1166 1195 1314 1254 vexillarii
1336 1196 1547 1264 centuriarum,
1572 1214 1635 1272 quos

326 1298 547 1376 Marquardtius
570 1317 597 1374 p.
614 1297 674 1355 335
697 1295 793 1368 tinxit,
816 1297 890 1354 nulli
912 1316 1052 1373 umquam
1073 1297 1167 1356 fuisse
1189 1297 1313 1375 putandi
1335 1305 1414 1356 sunt.
1449 1296 1551 1375 Neque
1570 1300 1634 1357 enin
1682 1344 1683 1374 ,

327 1403 395 1461 loco
424 1399 561 1477 Polybii,
587 1417 675 1475 quem
702 1399 816 1470 laudat,
842 1399 1004 1474 quidquam
1033 1399 1062 1456 in
1089 1400 1146 1458 hac
1172 1420 1205 1458 re
1232 1399 1370 1470 eflicitur,
1402 1401 1475 1474 quia
1503 1417 1573 1476 quos
1595 1401 1635 1457 ille

329 1503 398 1581 (VI,
422 1503 471 1574 24,
494 1502 528 1578 6)
550 1491 759 1584 σημαιοφόρους
781 1501 867 1570 dicit,
894 1501 1027 1577 signiferi
1050 1502 1261 1578 potiusquam
1285 1501 1435 1560 vexillarii
1457 1500 1561 1562 Latine
1579 1503 1635 1560 dicti

327 1621 395 1664 esse
416 1605 562 1662 videntur.
607 1603 742 1678 Quodsi
763 1605 793 1662 in
815 1603 986 1680 legionibus
1009 1604 1120 1661 milites
1143 1607 1230 1681 signa
1255 1612 1393 1684 gerentes
1422 1613 1539 1680 praeter
1562 1605 1635 1681 signi·

328 1707 409 1766 feros
432 1707 505 1765 nulli
528 1707 661 1779 fuerunt,
688 1707 831 1764 incertum
858 1715 970 1778 munet,
997 1707 1146 1781 quomodo
1169 1707 1199 1764 hi
1222 1727 1275 1783 per
1297 1707 1435 1765 cohortes
1458 1715 1488 1764 et
1509 1709 1637 1766 centurias
1683 1752 1684 1776 ,

329 1809 480 1868 distributi
500 1809 619 1868 fuerint.
662 1807 742 1867 Nam
764 1827 781 1864 a
804 1807 998 1886 scriptoribus
1021 1809 1172 1868 veteribus
1198 1809 1234 1869 de
1262 1810 1319 1868 hac
1344 1831 1377 1868 re
1404 1827 1465 1869 non
1491 1810 1556 1886 plns
1579 1810 1637 1868 disci
1683 1785 1684 1806 ἶ

329 1922 429 1989 potest
450 1931 540 1987 quarn
563 1931 601 1970 ex
623 1910 727 1968 titulis.
764 1908 844 1968 Nam
866 1927 1046 1986 quamquam
1069 1911 1253 1988 signiferum,
1276 1932 1364 1988 quem
1384 1909 1499 1970 Caesar
1519 1913 1546 1970 b.
1564 1910 1637 1970 (111

329 2013 368 2072 25
391 2023 618 2084 commemorat,
645 2013 762 2090 signum
789 2013 880 2070 totius
908 2013 1040 2072 cohortis
1067 2013 1200 2089 gessisse
1225 2015 1315 2072 facile
1339 2015 1531 2091 intellegitur,
1557 2025 1637 2072 111111

329 2118 385 2175 hoc
407 2135 468 2174 non
489 2116 597 2186 obstat,
620 2114 804 2192 quinetiam
827 2115 969 2172 centuriis
993 2133 1064 2174 suos
1087 2116 1246 2192 signiferos
1269 2117 1365 2174 fuisse
1386 2123 1515 2194 putetur.
1550 2115 1637 2191 Neque

329 2219 403 2278 haec
423 2218 560 2294 quaestio
580 2217 658 2274 solvi
674 2217 793 2292 poterit,
817 2217 875 2274 nisi
896 2217 1015 2276 fortuna
1037 2219 1123 2276 novis
1146 2218 1345 2276 monumentis
1366 2219 1493 2295 repertis
1515 2237 1637 2294 quaereu-

331 2329 375 2380 tes
397 2319 514 2378 iuverit.
559 2317 620 2380 Sed
641 2319 814 2396 priusquam
842 2319 880 2377 ab
906 2337 942 2376 11
963 2319 1130 2392 discedam,
1156 2321 1253 2378 facere
1276 2337 1335 2378 non
1356 2338 1496 2398 possum,
1522 2321 1586 2396 quin
1605 2321 1638 2376 lo

331 2443 396 2481 cum
424 2421 572 2498 quendam
593 2421 711 2500 Vegetii
738 2421 876 2492 afferam,
902 2440 961 2498 quo
983 2422 1028 2492 id,
1055 2422 1136 2498 quod
1158 2441 1196 2481 ex
1217 2421 1271 2481 illo
1294 2420 1480 2482 Caesariano
1503 2424 1556 2480 viri
1575 2423 1638 2480 docti

329 2525 551 2595 intellexerunt,
574 2523 772 2580 confirmetur.
817 2523 872 2580 Ille
894 2524 983 2594 enim,
1007 2543 1074 2582 cum
1098 2523 1153 2599 (II,
1174 2525 1227 2599 20)
1250 2537 1384 2602 exponat
1404 2525 1442 2583 ab
1465 2525 1587 2600 antiquis
1606 2525 1639 2580 di-

329 2629 441 2687 vinitus
465 2625 634 2686 institutum
660 2643 742 2696 esse,
770 2633 801 2682 ut
829 2645 867 2683 ex
893 2625 1043 2684 donativis
1071 2627 1197 2684 militum
1224 2627 1373 2702 peculium
1402 2637 1552 2686 castrense
1575 2625 1638 2702 apud

331 2731 417 2808 signa
438 2729 646 2807 deponeretur,
669 2727 752 2785 addit
773 2727 874 2786 decem
896 2727 983 2786 folles
1005 2748 1059 2804 per
1080 2727 1217 2786 cohortes
1240 2730 1376 2806 singulas
1397 2731 1514 2806 positos
1529 2747 1598 2800 csse,
1616 2729 1638 2785 in

331 2833 439 2910 quibus
461 2833 534 2890 haec
555 2831 632 2888 ratio
655 2829 845 2902 conderetur;
875 2829 1034 2906 signiferos
1057 2839 1170 2901 autem,
1198 2832 1278 2908 apud
1303 2849 1380 2907 quos
1403 2851 1440 2890 ea
1461 2833 1537 2891 ratio
1558 2850 1639 2890 serra·

332 2943 422 3006 retur,
445 2953 504 2993 non
528 2933 627 2992 solum
648 2931 753 2990 fideles
776 2933 828 2990 sed
851 2933 939 2990 etiam
963 2933 1096 2990 literatos
1118 2933 1255 2992 homines
1278 2934 1388 2992 electos
1410 2951 1486 2993 esse.
1531 2933 1639 3008 Quodsi

333 3037 433 3094 decem
455 3035 544 3095 folles
565 3053 619 3110 per
640 3033 777 3111 singulas
800 3034 938 3093 cohortes
960 3034 1110 3092 distributi
1134 3043 1231 3104 erant,
1260 3035 1350 3093 etiarn
1376 3036 1478 3094 decem
1501 3037 1639 3113 signifems

332 3139 497 3198 cohortium
519 3137 614 3196 fuisse
640 3155 764 3195 necesse
791 3147 846 3195 est.
890 3135 998 3212 Neque
1024 3147 1097 3214 puto
1124 3154 1303 3214 quemquem
1330 3137 1406 3196 illud
1433 3149 1523 3214 caput
1542 3137 1639 3213 Vegetii
1686 3149 1687 3152 ’

331 3240 433 3316 legere
454 3256 554 3316 posse,
580 3239 652 3315 quin
675 3239 768 3298 verba
790 3239 945 3313 scriptoris
967 3239 1010 3296 111
1032 3238 1199 3316 intellegat,
1226 3251 1259 3298 ut
1283 3239 1337 3298 ille
1363 3251 1483 3316 praeter
1503 3241 1639 3317 signiferos

332 3341 498 3400 cohortium
520 3340 619 3400 nullos
642 3340 717 3399 alios
738 3341 770 3398 in
791 3339 959 3418 legionibus
982 3349 1070 3398 notos
1092 3341 1233 3401 habuisse
1254 3343 1399 3402 videatur.

417 3443 494 3518 [lam
509 3453 668 3520 postquam
688 3442 846 3518 diligenter
865 3441 991 3516 collecta
1013 3453 1082 3501 1111
1103 3463 1180 3520 1111
1202 3443 1238 3501 de
1259 3444 1425 3504 vexillariis
1448 3443 1638 3516 1111111111

333 3547 456 3625 propria
476 3545 612 3604 vocabuli
635 3545 852 3624 significatione
871 3546 951 3604 insta
968 3547 1105 3622 quaestio
1123 3545 1238 3604 institui
1253 3555 1361 3622 potest.
1399 3547 1439 3604 Et
1453 3549 1576 3624 primum
1589 3545 1637 3622 qui·

333 3651 399 3709 dem
421 3648 563 3706 vexillum
585 3665 652 3706 cum
674 3665 733 3705 non
755 3647 786 3704 in
807 3647 929 3704 militari
951 3666 983 3704 re
1006 3647 1072 3706 sola
1093 3647 1278 3720 adhibeatur,
1308 3649 1360 3708 sed
1390 3648 1518 3726 collegia
1541 3666 1638 3725 quoque

334 3770 389 3812 sua
405 3751 517 3810 vexilla
531 3749 687 3808 habuerint
701 3749 776 3825 (vite
788 3747 943 3806 Aureliani
959 3767 984 3808 c.
998 3751 1051 3807 34:
1067 3749 1172 3808 vexilla
1186 3751 1366 3827 collegiorum
1381 3761 1467 3825 atquc
1481 3750 1638 3822 cosumus),

335 3852 517 3913 semovenda
537 3861 581 3910 est
602 3851 700 3910 schola
715 3850 930 3909 vexillariorum
952 3851 1029 3910 tituli
1053 3849 1210 3912 Comensis
1233 3853 1276 3926 (1.
1293 3851 1368 3928 240)
1391 3853 1513 3911 omnino
1534 3872 1551 3910 a
1569 3853 1639 3910 rebus

334 3954 538 4015 castrensibus
564 3953 737 4022 abhorrens,
765 3951 960 4028 similiterque
986 3951 1115 4014 fortasse
1143 3955 1329 4014 statuendum
1357 3957 1415 4014 erit
1440 3957 1477 4014 de
1504 3956 1583 4014 titulo
1604 3973 1638 4010 re·

335 4065 419 4134 perto
441 4055 622 4114 Pessinunte
645 4055 687 4130 (1.
710 4053 793 4130 242).
817 4087 858 4097 -
881 4053 997 4112 Deinde
1020 4056 1165 4114 vexillarii
1187 4066 1212 4114 11
1233 4059 1409 4133 111111111νί
1436 4059 1514 4117 tituli
1537 4059 1638 4118 Germa·

335 4159 395 4217 nici
417 4156 1039 4234 (1.241)11111111111111111111111111,
1063 4165 1094 4215 ut
1115 4157 1163 4216 hic
1185 4159 1475 4238 comprehendentur
1497 4170 1555 4220 tam
1576 4155 1639 4233 aqui·

336 4260 413 4317 liferi
440 4270 470 4317 et
495 4259 628 4335 signiferi
654 4277 745 4336 quam
772 4260 823 4335 qui
850 4259 970 4336 proprie
995 4259 1145 4318 vexillarii
1167 4261 1305 4320 dicuntur
1326 4271 1355 4318 et
1377 4263 1552 4322 vocabulum
1573 4279 1639 4318 usur·

338 4371 426 4438 petur
451 4381 511 4420 non
538 4361 628 4419 solita
653 4371 683 4420 11
706 4362 828 4438 propria
852 4362 977 4432 ratione,
1004 4361 1057 4419 sed
1083 4361 1190 4420 latiore
1216 4371 1245 4421 et
1271 4365 1451 4438 promiscua.
1473 4399 1515 4409 -
1536 4361 1641 4439 Pmprie

338 4475 436 4521 autem
458 4467 569 4539 1111111
587 4473 617 4522 11
630 4463 762 4522 cecilium
784 4463 827 4520 ita
848 4463 997 4532 differunt,
1021 4463 1146 4522 utillud
1168 4465 1333 4542 legitimum
1355 4467 1395 4525 sit
1415 4474 1446 4526 et
1468 4465 1640 4536 stabileter

338 4574 423 4623 extra
445 4565 578 4623 ordinem
605 4573 635 4624 et
660 4583 714 4641 pro
741 4575 873 4643 tempore
901 4565 1074 4642 plerumque
1101 4575 1269 4644 usurpetur.
1313 4567 1360 4626 Ita
1381 4569 1441 4626 duo
1465 4577 1535 4626 sunt
1553 4583 1641 4644 genera

340 4667 479 4737 militum,
507 4667 614 4743 quibus
637 4668 724 4743 signa
744 4669 826 4726 nulla
846 4679 924 4739 sunt,
952 4668 1004 4725 sed
1028 4669 1140 4726 vexilla
1160 4679 1290 4742 tanturn,
1318 4671 1432 4730 scilicet
1455 4671 1580 4730 veterani
1599 4667 1640 4725 sub

339 4771 434 4848 signis
456 4769 563 4827 retenti
586 4769 628 4844 (1.
649 4767 724 4845 229)
747 4779 777 4828 11
799 4771 914 4848 vigiles.
958 4771 998 4828 Et
1023 4771 1068 4828 illi
1096 4771 1213 4848 quidern
1240 4791 1292 4830 cur
1318 4772 1452 4849 legitima
1473 4773 1573 4831 militia
1591 4788 1641 4848 per-

339 4881 407 4931 1111
433 4889 487 4948 pro
516 4871 661 4930 militibus
684 4872 780 4950 magis
808 4873 867 4930 sint
893 4892 980 4949 quam
1008 4873 1131 4943 milites,
1160 4873 1258 4950 quivis
1286 4874 1446 4951 intellegit3
1477 4875 1529 4934 sed
1555 4871 1639 4950 vigiles

340 4993 460 5052 quoque
482 4991 501 5030 a
521 4972 655 5049 legitima
680 4973 787 5032 militia
813 4985 943 5032 remotos
970 4991 1036 5035 csse
1062 4994 1121 5034 non
1147 4976 1246 5035 minus
1271 4985 1357 5035 extra
1382 4978 1580 5054 quaestionem
1598 4981 1639 5031 est.

229 5097 231 5104 ’
340 5075 475 5136 Possunt
506 5075 554 5134 his
587 5074 657 5133 addi
688 5076 832 5134 vacillari-t
860 5081 983 5153 equilum
1016 5077 1074 5136 duc
1106 5079 1215 5154 reperti
1255 5079 1284 5135 in
1321 5078 1495 5140 cohortibus
1525 5074 1639 5156 equitata

342 5177 405 5253 (11.
423 5177 471 5236 74.
488 5177 557 5253 75);
585 5196 654 5236 nam
677 5179 790 5253 equites
817 5197 917 5236 earum
944 5199 1014 5256 pars
1037 5179 1167 5239 cohortis
1190 5187 1259 5239 1111
1280 5201 1376 5258 11111
1398 5183 1457 5259 ipsi
1480 5184 1582 5242 iustum
1600 5197 1639 5234 nu·

343 5299 456 5339 merum
483 5279 675 5341 constituunt.
718 5279 855 5358 Denique
881 5283 1025 5341 iustorum
1054 5301 1211 5360 corporum
1238 5283 1408 5342 militarium
1437 5282 1579 5345 vexillarii
1599 5277 1639 5354 qui
