3530 5972
462 619 1061 674 ossssvrruorsss-nr1snsrsrcs1c.
1351 603 1423 676 519

91 793 253 854 Hirrutum
280 813 348 854 cnm
374 795 405 854 in
435 795 532 872 caliga
558 795 597 854 ad
624 795 752 874 primum
777 795 871 872 pilum
897 797 1097 874 pervenisset,
1126 797 1254 858 oansilu
1280 797 1361 858 facto
1388 799 1426 858 ad

95 897 224 956 militias
249 897 363 958 ordinis
389 897 512 958 maioris
535 898 609 958 duas
632 899 836 974 praefecturas
859 897 1038 978 suscepisse,
1064 898 1190 960 alteram
1211 899 1376 960 Raetorum
1397 907 1428 960 et

95 998 327 1060 vmdofioorum
349 1009 378 1060 ct
399 999 488 1060 vallis
510 999 674 1072 Poeninae,
696 1000 819 1060 alteram
841 999 916 1060 levis
938 1009 1115 1062 armaturae.
1151 1003 1187 1062 Id
1209 1001 1289 1062 enim
1310 1003 1428 1081 linguae

94 1101 174 1160 ratio
194 1101 310 1178 flagitat
328 1101 385 1160 hac
400 1111 498 1162 aetate
516 1102 654 1182 copulam
669 1120 728 1162 non
742 1101 903 1163 admittens
925 1104 991 1164 solo
1011 1104 1116 1164 ultimo
1135 1123 1174 1164 ex
1194 1104 1331 1183 pluribus
1350 1106 1429 1177 loco,

94 1221 151 1262 ncc
179 1203 280 1262 minus
306 1204 422 1282 flagitat
449 1221 512 1276 res;
538 1223 606 1264 narn
630 1207 794 1282 praefecta
822 1206 892 1264 lacis
918 1215 1083 1266 oratotoriis
1108 1227 1160 1285 per
1182 1225 1214 1267 se
1238 1207 1270 1267 in
1295 1207 1428 1268 eiusdem

96 1307 208 1366 astatis
229 1305 325 1366 titulis
348 1306 508 1384 aliquoties
529 1306 728 1383 reperitur1).
766 1307 854 1384 longi
877 1317 976 1368 autem
998 1307 1058 1368 duo
1080 1309 1179 1368 officia
1199 1309 1319 1368 diversa
1339 1309 1428 1368 inter·

97 1409 201 1487 posits
225 1407 335 1484 copula
363 1427 422 1468 non
451 1407 610 1467 admodum
639 1427 739 1468 rarum
767 1417 828 1481 est,
855 1427 1037 1486 quamquam
1059 1411 1234 1488 plerumque
1254 1409 1429 1470 vocabulum

97 1529 258 1570 commune
285 1511 442 1588 repetitum
472 1511 504 1570 in
532 1511 589 1570 hoc
615 1511 702 1572 titulo
728 1529 795 1570 cum
823 1512 991 1589 praelectus
1017 1513 1048 1572 in
1073 1514 1173 1591 priore
1200 1523 1285 1589 parte
1310 1514 1430 1574 tertium

98 1631 206 1674 casum
235 1614 387 1684 adsumat,
419 1613 451 1674 in
476 1613 644 1692 posteriore
670 1613 848 1686 secundnm,
879 1613 910 1672 id
939 1621 987 1674 est
1016 1615 1080 1674 illic
1111 1615 1260 1692 participii
1288 1615 1353 1674 loco
1380 1616 1429 1688 sit,

99 1717 151 1776 hic
178 1715 375 1788 substantivi,
406 1734 441 1774 eo
474 1716 569 1793 magis
600 1723 712 1776 certum
739 1725 785 1776 est
812 1735 873 1776 non
902 1715 939 1774 de
966 1715 1072 1776 eodem
1101 1717 1200 1777 officio
1228 1717 1303 1778 haec
1330 1719 1431 1778 omnia

100 1819 198 1898 accipi
220 1835 322 1894 posse.
343 1849 386 1864 -··
406 1817 584 1878 Praefectus
598 1818 709 1888 Rastia,
733 1819 899 1890 Vindolicis,
920 1820 1007 1880 osilia
1026 1819 1170 1879 Pomious
1191 1819 1322 1896 (incolis)
1344 1821 1430 1898 ellip-

99 1923 158 1981 tice
180 1921 298 1994 dicitur,
326 1920 467 1996 quoniam
489 1920 643 1979 Poeninae
665 1920 754 1980 vallis
776 1921 893 1980 incolae
919 1941 979 1980 ιιοιι
1004 1921 1192 2000 appellantur
1213 1922 1340 1983 Poenini
1362 1941 1432 1982 suo·

99 2043 159 2100 que
185 2022 333 2084 vocabulo
361 2021 513 2098 carenti).
556 2023 620 2080 Iam
648 2041 720 2084 vero
747 2041 813 2084 cum
840 2023 1011 2102 provinciae
1036 2025 1259 2101 procuratorias
1285 2043 1361 2102 quas
1388 2025 1431 2084 di-

97 2133 209 2186 cuntur
236 2124 340 2186 eodem
369 2125 433 2184 iure
465 2125 679 2201 praefectoriae
709 2126 767 2186 dici
798 2127 918 2202 possint
947 2135 978 2186 et
1005 2125 1151 2205 Inalpinis
1176 2129 1353 2204 praesertim
1380 2128 1432 2204 qui

98 2238 246 2305 praesunt
268 2245 481 2304 saepenumero
502 2227 645 2304 praelecti
664 2228 864 2307 appellentur,
891 2229 972 2306 quod
997 2247 1035 2287 ex
1060 2230 1117 2287 hoc
1142 2230 1230 2288 titulo
1257 2230 1341 2290 effeci
1368 2231 1432 2289 val·

98 2333 162 2392 lem
183 2330 349 2390 Poeninatn
372 2349 438 2390 cum
454 2329 562 2390 Raetia
583 2339 614 2388 et
629 2329 799 2390 Vindelicis
820 2332 985 2408 imperante
999 2331 1121 2392 Tiberio
1143 2332 1199 2392 sub
1220 2332 1324 2392 eodem
1346 2350 1432 2408 proc·

99 2433 166 2494 sids
188 2433 291 2505 fuisse,
313 2443 413 2492 manet
433 2433 654 2494 inconcussum.

186 2535 294 2594 Altero
319 2535 387 2594 loco
413 2553 501 2612 quem
523 2533 623 2608 citavi,
648 2534 753 2596 titulus
767 2535 951 2595 Veronensis
974 2534 1073 2594 votv
1096 2555 1125 2594 n.
1141 2535 1222 2595 3936
1246 2534 1284 2610 Q.
1307 2533 1433 2596 Caecilii

100 2637 218 2700 Gisiuci
240 2635 364 2713 Septicii
385 2637 475 2696 Picae
497 2635 661 2697 Caeciliani
679 2637 907 2714 procur(otoris)
929 2635 1154 2714 Aspasior(um)
1180 2649 1206 2697 st
1222 2657 1279 2714 pro
1307 2638 1431 2716 lep(uto)

94 2743 264 2818 provincial
283 2739 401 2798 Baetici
422 2749 448 2798 ct
467 2739 669 2816 Vindelicfioi)
691 2751 717 2800 st
736 2740 824 2800 collis
838 2739 1007 2815 Possidet)
1029 2749 1090 2798 tam
1111 2749 1214 2816 aperte
1236 2741 1378 2816 loquitur,
1400 2749 1433 2800 ut

100 2843 186 2919 qnod
207 2843 236 2901 ei
258 2851 421 2918 opponeret
441 2843 499 2900 hoc
519 2841 615 2902 solum
633 2841 789 2920 Zippelius
808 2841 922 2900 invenit
943 2842 993 2900 nni
1015 2843 1085 2901 testi
1107 2843 1184 2900 mals
1206 2843 1287 2902 credi
1310 2843 1432 2901 vallem·

102 2963 165 3022 que
179 2943 346 3004 Poeninum
368 2963 404 3004 eo
426 2951 560 3022 tempore
581 2961 647 3004 cum
663 2943 1007 3021 RaetiaVindelicieque
1028 2953 1116 3004 extra
1136 2945 1270 3004 ordinem
1293 2945 1432 3004 coniunc-

102 3059 167 3108 tam
188 3064 258 3106 esse
279 3046 426 3124 potuisse.
459 3045 540 3106 Nam
561 3046 642 3124 quod
664 3046 759 3106 addit:
792 3047 957 3107 oussmdem
978 3047 1080 3106 kommt
1098 3048 1150 3106 der
1165 3047 1238 3106 litei
1257 3057 1433 3125 procurator

101 3168 160 3230 pro
185 3150 286 3227 legato
305 3147 361 3223 sir
382 3149 428 3208 die
449 3149 622 3210 Stottloltcr
642 3150 909 3227 procuratorisclrsr
927 3149 1085 3210 Rooinzsa
1112 3153 1214 3209 ιιισίιιοι
1236 3149 1364 3210 Wisssm
1385 3153 1433 3210 ais

102 3271 165 3326 cor,
188 3251 214 3312 si
235 3269 349 3310 mernor
375 3251 485 3312 fuisset
515 3251 690 3312 adulescens
723 3253 855 3312 eruditus
884 3253 1038 3313 titulorum
1061 3253 1185 3312 duorum
1206 3253 1433 3314 notissimorum

104 3353 330 3416 Orellianornm
362 3375 392 3414 n.
415 3353 497 3414 ³570
520 3354 751 3432 promeritoria)
777 3373 832 3432 pro
859 3355 981 3433 leporio)
1005 3353 1201 3432 procicc(ias)
1229 3355 1435 3415 Mauretanias

105 3459 278 3534 Tingitanae
303 3464 334 3515 et
358 3476 388 3516 ιι.
405 3455 465 3516 732
488 3458 630 3534 praejecti
652 3475 710 3534 pro
737 3458 830 3534 loquio
855 3457 1043 3534 indulturum)
1065 3457 1245 3526 Baliarium,
1273 3466 1351 3516 certe
1373 3475 1434 3517 non

104 3559 279 3638 scripsisset
299 3567 329 3617 et
349 3559 444 3618 multo
464 3561 563 3619 minus
584 3559 819 3619 demonstratum
846 3561 953 3620 ivisset
972 3577 1028 3636 pro
1049 3559 1150 3636 legato
1172 3557 1305 3618 officinm
1326 3559 1354 3618 ei
1376 3560 1434 3620 soli

103 3661 279 3742 provinciae
300 3661 473 3733 convenire,
496 3681 573 3740 qnae
594 3661 725 3738 legitimo
747 3671 827 3722 statu
850 3663 906 3722 sub
927 3662 1028 3740 legato
1049 3670 1136 3722 esset.
1170 3661 1267 3720 Immo
1289 3661 1372 3738 qnod
1396 3661 1434 3719 de

105 3763 222 3826 Tiberii
243 3771 342 3824 aetate
362 3763 466 3824 titulus
489 3763 726 3843 Interprominus
747 3763 858 3838 docuit,
879 3765 912 3824 id
922 3763 1116 3838 Veronensis,
1137 3763 1187 3840 qui
1210 3771 1333 3842 propter
1353 3782 1433 3823 men·

186 4015 210 4080 ¹)
232 4017 341 4068 Venafri
360 4018 412 4068 vol.
425 4019 462 4069 X.
481 4035 506 4070 ιι.
521 4018 592 4070 4868
613 4037 647 4060 =
667 4017 747 4070 Orell.
762 4017 849 4068 3426:
869 4015 927 4068 Sea.
942 4016 1050 4069 Aulicuo
1064 4015 1123 4069 Sex.
1131 4018 1158 4083 s.
1173 4017 1234 4068 Ani.
1246 4018 1375 4086 primopil.
1394 4017 1434 4080 II,

107 4120 141 4162 tr.
154 4111 216 4174 mil,
230 4109 318 4178 praef.
336 4110 399 4162 locis
417 4117 515 4172 armat,
534 4109 617 4178 praes.
631 4117 709 4162 caeo.
722 4111 780 4178 imp.
795 4107 898 4161 Caesar.
909 4109 976 4177 Aup.
990 4117 1014 4161 st
1030 4107 1071 4160 Ti.
1087 4107 1334 4177 Caesarisdupusti,
1348 4111 1435 4178 praes.

105 4203 209 4265 classis,
224 4202 309 4271 praef.
322 4201 408 4268 subn,
426 4201 460 4254 ΙΙ
470 4203 512 4253 vir
529 4200 636 4270 Venafri
652 4210 700 4254 cet.
738 4203 836 4255 (laetas
855 4203 906 4253 rol.
919 4204 947 4254 X
966 4219 991 4254 ιι.
1006 4201 1077 4254 solis
1098 4222 1131 4244 =
1151 4203 1257 4253 chzen
1277 4202 1363 4253 6735:

105 4298 163 4348 rius
178 4291 206 4346 0.
213 4294 240 4359 s.
254 4295 324 4345 Arm.
340 4293 444 4359 Gallu[s
454 4293 558 4363 pressy.
577 4293 639 4345 levis
657 4301 801 4346 armandus
818 4293 1014 4364 p[rocinciasl]
1033 4291 1222 4362 Hispaniensis.
1248 4293 1437 4360 Intellegnntur

107 4390 204 4454 opinor
220 4388 316 4438 milites
334 4395 410 4439 extra
427 4388 545 4440 ordinem
564 4385 592 4438 ln
605 4389 738 4453 provincia
757 4389 903 4454 conscripti,
923 4387 1011 4453 quales
1023 4387 1160 4453 aliquoties
1180 4393 1355 4437 memorantur
1368 4387 1436 4452 apud

107 4482 229 4533 Tacitum
252 4479 322 4542 (hist.
338 4481 420 4544 l‚ddr
448 4479 570 4532 Raeticae
593 4479 651 4531 olas
672 4477 834 4548 ,comisque
856 4487 881 4531 ct
902 4480 1014 4548 s'prsortoa
1030 4477 1167 4530 Raetorum
1184 4479 1305 4529 ιἰιιιοιιιιιε.
1346 4481 1370 4541 2,
1387 4479 1436 4530 oss

108 4573 191 4626 decem
208 4587 293 4624 coccos
312 4570 434 4635 solertes,
454 4573 560 4640 quinque
579 4571 646 4636 aloe,
668 4573 756 4640 inpane
773 4571 923 4624 Maurorum
940 4587 1063 4624 nummu.
1086 4571 1112 4633 3,
1127 4572 1157 4623 d:
1181 4587 1236 4621 cum
1255 4571 1437 4622 dederisne

107 4674 132 4717 et
150 4672 206 4716 octo
225 4663 368 4716 cohortibus
390 4681 421 4716 oc
438 4661 592 4716 Noricontm
615 4664 757 4728 iuventute).
795 4665 859 4716 Post
881 4666 992 4731 primurn
1017 4665 1147 4715 sacculum
1172 4664 1298 4714 eiusmodi
1322 4665 1437 4716 officium

109 4775 162 4810 non
183 4758 288 4810 memini
307 4758 459 4821 memorari;
485 4757 555 4824 quod
574 4759 596 4808 si
614 4757 738 4808 abolitum
757 4764 803 4820 est,
821 4757 930 4810 fortasse
949 4757 1105 4807 auxiliorum
1124 4757 1180 4807 eius
1197 4758 1299 4822 generis
1318 4756 1437 4808 condicio

108 4857 209 4902 mutata
228 4857 267 4900 est
283 4858 359 4902 ancta
376 4851 499 4902 adversus
518 4849 634 4901 subditos
652 4851 835 4916 imperatorum
854 4849 1008 4900 diffidentia.

186 4937 212 5004 ¹)
240 4943 298 4992 Hoc
320 4949 348 4992 nt
372 4949 488 5008 apertum
513 4949 565 5005 est,
595 4943 631 4993 ita
659 4943 728 5008 qnod
750 4943 837 5009 posuit
857 4943 1001 5008 Zippellus:
1027 4940 1068 4992 die
1088 4939 1183 4992 Dotioe
1207 4939 1304 4990 ledones
1326 4957 1375 4990 nur
1397 4940 1438 4990 uls

107 5033 240 5101 abidupip
258 5051 308 5084 oon
326 5033 379 5085 derra
390 5034 529 5102 solpenden
550 5033 652 5087 omerio
676 5033 825 5086 oestuuden
843 5033 955 5096 werden,
983 5033 1032 5086 dua
1050 5033 1128 5086 trost
1145 5031 1242 5085 Pedius
1258 5049 1314 5082 soor
1332 5031 1438 5097 Prdssct

106 5126 172 5179 siler
190 5125 232 5177 die
249 5125 343 5178 Rccler
360 5125 413 5178 aad
426 5124 571 5178 Vindeliker
589 5129 616 5178 iu
633 5127 687 5180 dem
704 5126 883 5196 poeninisclteu
899 5125 921 5177 Τ
921 5125 986 5190 tole,
1011 5127 1091 5192 ipsius
1109 5127 1194 5176 verbis
1212 5125 1350 5190 adscripsi,
1376 5140 1437 5175 nam

108 5221 233 5288 muliero
252 5219 356 5284 wdone
373 5219 445 5284 iungi
464 5219 496 5270 ab
516 5236 575 5271 eum
593 5221 751 5286 praelectum
770 5222 844 5272 vallis
861 5221 1004 5282 Poeninas,
1022 5220 1069 5271 ssd
1087 5219 1151 5284 quid
1168 5219 1206 5270 ita
1224 5219 1257 5268 dc
1276 5217 1369 5268 deliris
1392 5217 1438 5267 dat

108 5311 284 5382 pendentibus
302 5311 325 5364 sl
343 5311 393 5364 deo
411 5311 597 5380 Priscisuoqus
615 5313 699 5382 placet
717 5329 732 5366 a
749 5314 878 5382 genetivo,
898 5313 1017 5381 equidem
1035 5313 1137 5378 ignoro,
