3394 5976
318 773 445 830 discidio
472 773 601 848 quodam
628 773 756 831 divisam
783 791 850 831 esse
877 773 907 830 in
936 775 1079 832 urbanam
1107 782 1137 831 et
1164 773 1394 849 provincialem,
1428 781 1462 830 ut
1492 791 1553 830 non
1590 790 1657 828 raro
1693 751 1694 840 1

318 875 494 953 postillam
520 875 594 933 haec
620 877 823 952 susciperetur
849 894 908 933 non
936 875 1102 934 iterationis
1130 875 1357 951 significatione,
1386 875 1441 932 sed
1463 874 1657 932 distinetione

318 978 448 1053 quadam
477 977 600 1034 adiecta.
643 976 686 1036 Ut
712 979 784 1036 alibi
813 978 963 1037 invenitur
984 978 1034 1054 qui
1058 977 1114 1036 tuit.
1136 979 1357 1054 quaestoriis,
1382 986 1493 1053 quaeat.
1518 994 1656 1052 macons.
1693 957 1694 964 ¹

319 1079 516 1138 Narbonensis
542 1079 580 1154 (l.
596 1079 632 1137 R.
648 1078 687 1137 N.
705 1079 816 1156 3913),
840 1081 910 1138 item
938 1092 1063 1157 quaest,
1091 1091 1198 1158 quaest.
1224 1099 1309 1156 proc.
1338 1079 1471 1138 Narbon.
1516 1077 1657 1154 (Henzen

320 1182 430 1258 6048),
459 1183 502 1239 its
529 1183 578 1240 hic
613 1199 646 1240 se
679 1184 832 1260 excipiunt
864 1175 1021 1265 κυαῖπωρ,
1050 1183 1081 1241 id
1110 1191 1156 1241 est
1182 1184 1333 1254 urbanus,
1362 1189 1391 1238 et
1418 1172 1524 1250 ταμίας
1551 1173 1658 1239 Λυκίας

319 1276 505 1356 Παμφυλίας,
527 1285 557 1342 16
579 1295 627 1343 est
648 1291 790 1361 quaestor
811 1303 867 1360 pro
889 1293 1027 1361 praetore
1049 1287 1221 1363 provinciae
1236 1284 1347 1362 Lyciae
1369 1291 1398 1343 et
1413 1283 1624 1361 Pamphyliae.
1693 1325 1694 1350 ,

405 1387 433 1444 4.
478 1376 640 1469 δήμαρχος,
662 1387 692 1444 id
715 1395 760 1445 est
782 1387 918 1446 tribunus
942 1389 1049 1463 plebis.

406 1491 434 1548 5.
478 1478 649 1572 asparagis,
672 1489 701 1546 id
725 1499 771 1548 est
792 1499 923 1566 praetor.

319 579 392 650 224
892 597 1075 650 nouusnn

406 1591 433 1648 0.
478 1583 614 1668 λογιστὴς
628 1582 792 1674 Τρώαδέων.
830 1592 878 1651 De
900 1593 1088 1651 curatoribus
1111 1613 1210 1651 rerum
1233 1593 1416 1670 publicarum
1440 1591 1519 1651 datis
1544 1593 1586 1650 ab
1608 1592 1652 1650 im·

322 1700 459 1772 peratore
482 1711 540 1752 non
564 1711 640 1772 opus
663 1702 711 1752 est
732 1695 879 1753 disserere
901 1695 954 1770 (cl.
977 1694 1156 1754 Staatsreclrt
1178 1693 1233 1766 2²,
1253 1695 1356 1770 1033).

408 1797 435 1855 7.
480 1789 643 1868 ἐπιμελητὴς
665 1791 738 1855 ὁδῶν
759 1789 927 1866 deflexeris
948 1787 995 1854 ael
1017 1790 1159 1868 Λατεῖιιης.
1202 1797 1341 1856 Officium
1364 1798 1434 1856 item
1457 1805 1577 1857 notum.
1611 1793 1643 1854 Ci.
1693 1815 1694 1828 t

324 1900 383 1970 ΙΙΙ,
400 1899 497 1958 61541
520 1909 636 1958 carator
651 1903 763 1958 viarum
778 1898 947 1958 Labicanae
961 1911 987 1960 et
1000 1899 1128 1960 Latinae
1142 1904 1255 1972 oet·eris;
1279 1898 1460 1960 Staatsrecltt
1473 1899 1491 1958 2
1503 1898 1528 1973 ²,
1550 1899 1634 1958 1030.

408 2003 435 2061 8.
480 1992 655 2072 δικαιοδᾶτης
677 1991 818 2062 ’Ananiae
845 1994 1046 2084 Καλαθρ[ἶα]ς
1077 1995 1242 2066 hannoniae.
1287 2003 1472 2079 Lycaoniam
1499 2001 1574 2060 alibi
1603 2002 1653 2058 sor·

324 2117 406 2164 tasse
428 2103 581 2164 Lucaniae
609 2104 828 2183 significatione
857 2103 989 2164 nondum
1017 2115 1165 2182 repertam
1188 2107 1238 2184 qui
1267 2105 1387 2164 titulum
1413 2106 1533 2181 scripsit
1563 2112 1655 2162 unum
1693 2099 1694 2170 1

326 2209 461 2286 posuerit
486 2209 575 2266 nimis
606 2208 691 2266 docte
719 2227 757 2266 an
779 2227 883 2285 parum
906 2209 1014 2284 perite,
1043 2211 1214 2286 ambiguum
1238 2217 1294 2267 est.
1332 2207 1530 2266 luridicorum
1555 2207 1655 2265 Italiae

325 2311 473 2387 exemplis
498 2310 692 2386 (Staatsrecht
714 2305 882 2386 22‚1039)
909 2311 965 2368 hoc
993 2311 1160 2370 addendum
1188 2319 1247 2384 est3
1276 2321 1337 2371 tres
1366 2314 1504 2388 regiones
1526 2311 1570 2368 ita
1592 2328 1654 2367 con·

325 2413 442 2473 iunctas
465 2413 597 2471 nondum
620 2413 830 2472 habueramus.

410 2517 438 2576 9.
482 2505 658 2585 δικαιοδᾶτης
683 2507 860 2591 Σ[πανιάςῖ]
896 2505 1058 2587 διοικήσεως
1084 2507 1357 2600 Tap'p‘axw[vn]o·lac.
1412 2515 1603 2592 Intellegltur
1631 2515 1653 2571 is
1693 2483 1694 2506 l

327 2621 531 2696 magistratus,
559 2619 611 2695 qui
639 2625 736 2676 aetate
763 2617 886 2676 meliore
908 2619 1077 2694 appellatur
1104 2621 1213 2694 lepatcs
1235 2623 1374 2678 citerioris
1397 2619 1562 2696 Hispaniae
1583 2617 1654 2674 nude

328 2721 400 2797 (col.
420 2721 449 2781 V
475 2743 504 2780 n.
525 2719 605 2780 6974
623 2739 684 2796 seq.
712 2738 849 2796 quaeque
876 2721 917 2778 ibi
941 2721 1079 2778 adnotavi
1107 2739 1135 2796 p.
1153 2721 1242 2797 785),
1260 2742 1284 2781 a
1305 2723 1457 2781 consulari
1479 2739 1516 2778 eo
1538 2721 1651 2778 distiuc·
1693 2783 1694 2816 1

328 2835 387 2896 tus,
417 2825 497 2900 quod
528 2823 696 2899 praetorius
727 2831 772 2880 est
800 2841 854 2879 nec
882 2823 990 2881 dicitur
1018 2843 1073 2898 pro
1103 2833 1254 2899 praetore,
1288 2825 1375 2884 tertio
1405 2823 1524 2882 saeculo
1553 2823 1652 2898 lepatus
1693 2827 1694 2908 1

327 2927 468 2984 iuridieas
496 2929 664 3002 provinciae
694 2925 860 3001 Hispaniae
892 2925 1116 2983 Tarraconensis
1150 2926 1223 3001 (vol.
1245 2927 1276 2985 Il
1302 2948 1332 2986 n.
1353 2925 1432 2985 3738
1466 2925 1647 2998 similiterque
1693 2927 1694 3002 1

329 3048 357 3086 n.
375 3027 486 3103 4113),
513 3028 651 3085 incidians
678 3027 842 3103 Hispaniae
869 3031 1010 3086 citerioris
1037 3027 1260 3086 Tarraconensis
1287 3029 1316 3084 in
1346 3028 1434 3086 titulo
1464 3025 1645 3086 Nemausensi

330 3131 465 3189 Henneni
488 3151 516 3188 n.
534 3129 624 3199 6490,
647 3131 786 3188 inridicas
802 3129 965 3206 Hispaniae
988 3133 1126 3188 citerioris
1146 3132 1176 3188 in
1197 3129 1411 3190 Beneventano
1431 3131 1456 3188 Ι.
1471 3129 1508 3189 R.
1525 3129 1567 3188 N.
1587 3125 1647 3186 lttt

332 3259 369 3282 =
383 3233 441 3290 vol.
458 3233 504 3290 lX
526 3253 555 3291 n.
574 3231 652 3291 1572
676 3240 705 3289 et
730 3233 761 3288 in
784 3229 919 3291 Sitifensi
940 3233 1055 3291 Reeaeil
1077 3234 1111 3290 cle
1136 3233 1317 3292 Constantine
1343 3233 1454 3292 187314
1476 3251 1505 3308 p.
1522 3231 1596 3299 373,
1619 3247 1649 3285 en
1693 3223 1694 3318 1

331 3335 438 3411 quihus
461 3335 691 3393 Beneventanus
713 3335 826 3411 pariter
847 3344 937 3410 atque
964 3343 1066 3392 noster
1092 3353 1129 3393 ex
1156 3335 1275 3406 iuridici
1297 3336 1428 3410 Apuliae
1454 3344 1484 3393 et
1506 3333 1651 3393 Calabriae
1693 3337 1694 3430 1

332 3437 431 3496 officio
457 3437 496 3496 ad
522 3437 620 3496 simile
642 3436 840 3512 Hispanicum
870 3447 1025 3512 promotus
1054 3445 1109 3495 est.
1152 3435 1298 3513 Legatum
1325 3457 1391 3495 curn
1419 3455 1479 3495 non
1507 3437 1651 3494 universae

332 3539 499 3616 Hispaniae
525 3540 655 3598 citeriori
681 3539 859 3616 praefuisse,
887 3539 940 3597 sed
966 3539 1043 3616 parti
1072 3548 1186 3596 tantum
1213 3540 1319 3598 titulus
1346 3541 1372 3598 is
1398 3540 1435 3598 de
1462 3559 1521 3616 quo
1549 3539 1651 3615 agimus

333 3642 500 3700 luculenter
536 3643 705 3711 confirmat;
744 3661 812 3700 nam
845 3641 992 3700 dioecesis
1027 3641 1198 3719 provinciae
1231 3661 1302 3718 pars
1335 3651 1395 3716 est,
1429 3650 1463 3700 ut
1494 3639 1652 3718 proxinciam

333 3744 454 3804 Africae
499 3753 602 3822 partes
650 3752 720 3802 sunt
765 3745 916 3804 dioeceses
958 3745 1034 3802 duae
1074 3743 1333 3820 Carthaginiensis
1379 3753 1409 3802 et
1450 3741 1652 3820 Hipponensis.

336 3845 405 3920 Quo
446 3846 532 3905 titulo
573 3847 647 3906 duce
692 3847 752 3905 iam
798 3847 954 3906 reiciemus
997 3847 1079 3922 quod
1114 3848 1205 3922 vulgo
1247 3847 1347 3906 ferunt
1381 3845 1562 3922 Hispaniam
1595 3843 1653 3902 cite·

334 3951 443 4008 riorem
465 3953 535 4008 item
558 3949 704 4026 appellari
726 3949 994 4008 Tarraconensem.
1032 3949 1128 4008 Immo
1157 3949 1205 4008 ubi
1233 3950 1270 4007 ad
1293 3949 1474 4024 Hispaniam
1501 3947 1652 4007 citeriorem

336 4052 573 4111 Tarraconensis
600 4052 777 4110 vocabulum
801 4051 938 4124 adicitur,
965 4071 1024 4110 nou
1051 4053 1189 4110 universa
1219 4052 1375 4128 provincia
1400 4052 1591 4128 significatur,
1612 4045 1654 4106 sed

337 4154 484 4214 dioecesis
513 4153 680 4229 Hispaniae
713 4154 859 4213 citerioris
890 4173 927 4211 ea
965 4153 995 4212 in
1028 4173 1089 4230 qua
1121 4165 1169 4213 est
1199 4153 1343 4213 Tarraco.
1400 4153 1476 4213 Post
1508 4150 1654 4212 Diocletia·

336 4277 409 4316 num
431 4265 540 4328 autem,
563 4257 614 4332 qui
635 4257 788 4316 dioeceses
811 4258 841 4314 in
863 4256 1034 4334 provincias
1057 4258 1193 4328 mutavit,
1216 4277 1293 4334 quae
1315 4257 1372 4314 fuit
1392 4255 1540 4314 dioecesis
1562 4254 1655 4312 Tarra·
1693 4257 1694 4338 1

338 4360 477 4418 nonensis
499 4360 615 4418 abiecto
638 4359 783 4418 citerioris
806 4357 951 4416 vocabulo
974 4367 1042 4433 apte
1071 4359 1128 4416 dici
1159 4368 1267 4436 coepta
1288 4367 1334 4418 est
1352 4361 1505 4434 prooimta
1526 4357 1655 4432 Hispania
1693 4339 1694 4416 l

342 4461 612 4538 Tarraconensicl).
635 4495 676 4506 ·—
697 4459 842 4521 Similiter
871 4460 1061 4520 iudicandum
1092 4469 1138 4519 est
1167 4461 1204 4519 dc
1234 4463 1326 4538 lepata
1355 4459 1481 4537 Augusti
1504 4479 1558 4536 per
1583 4457 1655 4516 Aac·

338 4567 414 4622 riam
442 4573 469 4621 et
494 4563 670 4623 Callaeciam
697 4563 754 4638 (sic
780 4564 827 4636 ΙΙ,
844 4562 940 4639 9634)
973 4562 1035 4636 vel,
1066 4571 1100 4620 ut
1127 4564 1249 4639 saepius
1277 4563 1398 4634 dicitur,
1429 4563 1524 4638 lepato
1550 4559 1657 4635 Augusti

340 4667 462 4724 iuridico
490 4666 531 4742 (et
555 4669 676 4724 inridico
703 4666 733 4724 in
763 4666 849 4723 titulo
872 4664 927 4737 Vl,
946 4665 1039 4740 1507)
1065 4685 1119 4740 per
1140 4665 1290 4725 Asturiam
1318 4675 1344 4722 et
1377 4663 1562 4736 Callaeciam,
1587 4661 1653 4718 cuius

340 4769 519 4826 mentionem
535 4769 651 4826 faciunt
665 4769 741 4827 tituli
758 4767 1009 4826 Lambaesitanus
1025 4767 1084 4825 vol.
1097 4765 1177 4825 Vlll
1192 4788 1219 4826 n.
1235 4767 1314 4825 2747
1330 4793 1366 4817 =
1381 4767 1506 4826 Henzen
1528 4760 1653 4824 1174701

341 4872 471 4949 scriptus
494 4869 612 4942 a.150;
640 4872 745 4930 urbani
768 4871 827 4930 vol.
844 4869 887 4928 Vl
910 4889 937 4926 n.
958 4870 1046 4929 1486.
1073 4871 1166 4942 1507;
1194 4869 1411 4930 Nemausensis
1439 4871 1522 4946 apud
1543 4865 1652 4941 Borghe-

1693 4979 1694 5008 l

420 5114 444 5177 ¹)
464 5116 521 5165 Hoc
541 5121 609 5164 recte
629 5115 772 5165 observavit
790 5114 943 5164 Huebnems
961 5114 1013 5163 rol.
1026 5114 1055 5164 11
1074 5131 1098 5179 p.
1115 5115 1176 5176 749,
1196 5130 1248 5164 non
1267 5121 1337 5164 recte
1356 5115 1462 5180 negavit
1482 5115 1530 5164 trin
1547 5112 1603 5160 haec
1619 5119 1651 5152 tt·

343 5208 436 5258 cabula
454 5209 491 5258 ita
511 5209 646 5258 coniuncta
664 5207 772 5271 reperiri
791 5215 850 5256 ante
863 5207 1064 5268 Diocletianum,
1084 5223 1141 5256 cum
1161 5207 1247 5257 adsint
1265 5207 1292 5256 in
1312 5208 1387 5256 titulo
1406 5207 1510 5256 iuridici
1529 5205 1571 5255 sub
1583 5197 1650 5252 Probo
1693 5211 1694 5276 1

343 5301 431 5365 scripti
450 5301 479 5350 ΙΙ
497 5316 523 5350 n.
539 5301 620 5361 3738,
640 5314 687 5350 trec
707 5313 809 5350 causam
829 5306 940 5349 mutatae
960 5300 1140 5365 appellationis
1160 5301 1221 5350 satis
1240 5300 1380 5364 perspexit.
1693 5295 1694 5302 ’
