3530 5972
352 625 425 696 540
924 646 1107 700 nouusnu

350 829 453 878 notum
475 829 522 878 est
543 819 600 880 hac
618 826 698 878 certe
719 827 817 878 aetate
838 819 870 877 id
891 820 1022 880 officium
1044 842 1063 878 s
1079 841 1112 880 re
1134 822 1257 880 militari
1277 831 1403 881 eatenus
1423 824 1555 884 alienum
1576 823 1669 895 fuisse,

350 931 384 980 ut
409 921 457 980 vel
479 922 573 982 Asiae
595 921 756 998 proconsul
777 923 899 982 militari
925 925 1051 1000 imperio
1077 943 1184 986 carens
1206 925 1388 1000 praefectum
1411 924 1530 984 fabrum
1551 925 1606 984 sibi
1626 943 1672 984 no·

348 1021 481 1099 minet¹)
503 1024 731 1100 inueniatnrque
753 1025 828 1084 adeo
850 1027 1017 1101 praefectus
1038 1032 1104 1086 iure·
1121 1029 1243 1086 dicrrrdo
1266 1037 1294 1087 et
1313 1027 1457 1087 iudicibus
1477 1025 1672 1104 recteest).

349 1125 557 1186 Nihilominus
578 1126 701 1186 dubium
723 1137 778 1198 est,
800 1145 870 1186 num
892 1129 1026 1204 legitimo
1049 1149 1186 1190 sermone
1200 1129 1388 1208 praefectura
1402 1129 1520 1190 fabrum
1542 1130 1674 1190 amilitia

349 1229 465 1288 secludi
485 1227 607 1301 debeat3
631 1239 710 1288 certe
732 1230 809 1288 inter
824 1241 884 1288 tres
907 1241 1084 1307 quattuorve
1107 1232 1230 1290 militias
1252 1241 1418 1309 equestres,
1438 1251 1516 1309 quae
1530 1231 1571 1290 ad
1583 1232 1675 1292 officia

351 1331 496 1408 quaedam
510 1331 670 1408 'capienda
695 1331 931 1406 requirebantur,
958 1334 1176 1409 praefecturam
1202 1334 1321 1394 fabrum
1347 1345 1590 1397 connumeratam
1615 1353 1674 1394 esse

350 1433 561 1510 probabilitate
584 1453 643 1492 non
666 1444 755 1492 caret.

435 1536 555 1596 Deinde.
574 1532 728 1596 Secundus
750 1540 781 1594 ia
803 1541 905 1596 cestris
928 1539 989 1596 diui
1002 1537 1129 1614 Augusti
1143 1539 1295 1600 nonestus
1317 1541 1467 1600 decoratus
1484 1548 1542 1607 est
1576 1539 1612 1598 Id
1631 1550 1676 1598 ant

350 1639 498 1718 significat
511 1637 590 1697 dona
610 1638 752 1698 militaria
774 1658 840 1702 eum
862 1640 991 1715 equestri
1014 1640 1138 1700 militiae
1160 1643 1368 1702 convenientia
1389 1643 1476 1702 iussu
1492 1644 1675 1721 impensioris

351 1762 371 1799 a
395 1741 494 1819 legato
521 1743 687 1818 accepisse,
714 1751 779 1812 aut,
804 1742 882 1818 qnod
909 1743 1005 1818 magis
1032 1743 1224 1816 crediderim,
1255 1746 1450 1822 sequentibus
1476 1748 1560 1806 viam
1587 1755 1676 1822 parat,

350 1853 384 1902 ιιι
403 1845 532 1902 honores
554 1847 614 1902 sint
634 1845 720 1920 ipsae
741 1843 866 1902 militiae
886 1853 1048 1920 equestres.
1095 1843 1272 1922 Comparari
1294 1856 1396 1924 potest
1415 1849 1498 1924 quod
1519 1849 1631 1924 legitur
1649 1849 1675 1904 in

351 1945 437 2004 titulo
452 1941 673 2022 Corfiniensi³)
695 1946 856 2022 reliquisse
878 1965 964 2021 quem
987 1947 1080 2006 filium
1100 1966 1181 2007 usum
1195 1950 1366 2010 enarratius
1381 1951 1515 2011 Caesarie
1526 1949 1674 2027 Arrgustft]

351 2051 467 2106 summis
489 2053 628 2124 equestris
649 2048 759 2106 ordinis
782 2047 935 2108 bonoribus
956 2060 982 2107 et
1003 2052 1061 2108 iem
1082 2053 1227 2126 superiori
1247 2053 1418 2112 destinatum
1438 2055 1558 2112 ordini.-

435 2151 645 2210 Praefeoturas
668 2148 825 2210 Secundus
848 2151 927 2229 cepit
947 2151 1114 2210 cohortium
1135 2152 1261 2212 duarum
1276 2154 1434 2231 Augustae
1454 2155 1571 2233 primae
1592 2161 1674 2214 etse·
1746 2135 1747 2138 Ἴ

351 2252 465 2312 eundae
491 2253 647 2312 classicae.
691 2251 771 2310 Illud
798 2270 903 2312 nomen
926 2255 1053 2312 sirecte
1082 2254 1223 2313 traditum
1249 2265 1310 2328 est,
1339 2265 1371 2316 et
1396 2268 1503 2316 eontra
1522 2259 1672 2316 verborum
1746 2305 1747 2342 p

352 2355 485 2414 ordinem
514 2355 686 2414 sollemnem
712 2364 817 2430 peceat
837 2363 867 2412 et
888 2355 1030 2431 primario
1053 2357 1173 2415 nomine
1195 2358 1273 2416 male
1294 2360 1423 2418 omisso:
1452 2379 1521 2418 nam
1545 2379 1610 2418 curn
1628 2377 1674 2416 eo·
1746 2357 1747 2384 ¹

352 2459 453 2516 hortas
474 2458 585 2516 fuerint
599 2457 810 2532 Bracarum⁴)‚
832 2456 1028 2530 Ituraeorum,
1042 2458 1267 2533 Lusitanorum,
1282 2458 1473 2533 Nerviorum,
1489 2462 1637 2522 Thracum
1645 2460 1673 2535 ⁵)

352 2573 455 2620 omnes
478 2559 644 2637 appellatae
665 2559 778 2636 primae
794 2561 961 2635 Augustae,
983 2561 1132 2637 quomodo
1154 2563 1229 2622 haec
1249 2563 1415 2640 appellatio
1436 2563 1515 2622 nude
1535 2573 1614 2624 recte
1632 2563 1674 2620 in·
1746 2555 1747 2618 l

352 2663 453 2738 tellegi
472 2663 612 2739 potuerit,
634 2675 693 2720 non
712 2661 939 2738 perspicitur⁶).
962 2695 1003 2706 -
1025 2661 1140 2722 Contra
1158 2664 1266 2723 cohors
1283 2664 1315 2722 11
1329 2665 1674 2743 classiea'alibi'quoqne

351 2763 576 2840 nominatum),
604 2783 658 2824 nee
683 2765 841 2842 quicquam
870 2766 983 2837 obstat,
1011 2767 1170 2841 quominus
1192 2768 1358 2844 imperante
1378 2769 1519 2846 Augusto
1541 2769 1572 2826 in
1592 2765 1676 2843 Syris

351 2868 525 2926 eonstiterit

435 2970 634 3044 Equestribus
661 2969 722 3028 illis
749 2969 870 3028 militiis
884 2967 1041 3030 Secundus
1063 2971 1170 3030 meruit
1192 2972 1247 3030 snb
1270 2971 1305 3030 P.
1322 2970 1456 3050 Sulpicio
1478 2971 1616 3047 Quirinio
1635 2972 1674 3029 le·

352 3080 422 3148 gato
438 3073 606 3148 Augustii)
630 3069 770 3130 Caesaris
787 3070 902 3148 Syriae.
936 3072 1013 3130 Eum
1036 3093 1071 3131 eo
1093 3073 1206 3132 honore
1227 3073 1358 3132 unctum
1381 3093 1450 3134 esse
1470 3085 1589 3137 conant
1608 3093 1633 3132 a.
1646 3095 1674 3132 n.
1746 3107 1747 3132 ι

353 3195 378 3232 e.
392 3174 451 3232 759
473 3183 504 3232 et
522 3174 676 3250 deinceps,
699 3175 851 3249 probabile
873 3183 919 3232 est
940 3183 1030 3234 antea
1049 3177 1109 3232 iam
1131 3176 1208 3237 idem
1232 3195 1339 3235 munus
1361 3197 1428 3236 enm
1450 3178 1630 3236 sustinuisse
1648 3185 1675 3234 et
1746 3155 1747 3176 ¹

348 3276 473 3352 quidem
496 3293 549 3350 per
570 3294 597 3333 a.
610 3276 679 3335 751.
696 3275 763 3336 752.
798 3275 857 3340 Sed
879 3295 946 3336 cum
966 3277 1074 3336 titulus
1090 3277 1266 3353 Berytensis
1288 3278 1572 3338 nihil‘eonferat'ad
1591 3298 1674 3355 quae-
1746 3279 1747 3340 3

354 3379 481 3437 ationem
509 3387 665 3455 tantopere
691 3378 833 3456 agitatam
855 3379 891 3436 de
914 3389 1047 3456 tempore
1068 3391 1098 3438 et
1118 3381 1274 3440 iteratione
1291 3381 1453 3458 legationis
1474 3379 1674 3456 Quirinianae,

354 3481 392 3538 ad
414 3496 479 3539 eam
502 3480 571 3538 alibi
594 3479 752 3558 diligenter
774 3500 793 3538 a
813 3482 900 3542 nobis
922 3482 1119 3558 tractarent)
1145 3483 1194 3542 hic
1215 3503 1275 3544 non
1295 3483 1438 3544 redimus.

356 3627 358 3632 .
438 3582 523 3642 Duas
548 3599 596 3642 res
621 3585 757 3660 gessisse
779 3601 811 3643 se
833 3583 876 3642 ait
897 3581 1051 3644 Secundus
1073 3586 1160 3644 iussu
1181 3587 1311 3646 missure
1333 3584 1480 3660 Quirinii,
1510 3602 1631 3646 censum
1648 3591 1674 3644 et

353 3686 475 3745 bellum.
508 3684 587 3744 Huic
609 3694 641 3744 nt
662 3705 728 3743 eum
751 3686 923 3746 interfuisse
937 3687 1118 3764 praefectum
1141 3689 1274 3748 cohortis
1296 3689 1419 3748 alterius
1440 3689 1537 3750 utrius
1554 3689 1674 3748 dubiari

353 3808 413 3848 non
435 3796 549 3866 potest,
575 3789 618 3846 ita
643 3789 737 3848 altero
759 3806 878 3865 quoque
903 3788 1002 3849 officio
1025 3809 1092 3848 eum
1113 3791 1247 3850 functum
1269 3809 1337 3850 esse
1358 3791 1462 3850 eodem
1485 3793 1555 3852 loco
1576 3791 1673 3850 eonsti-

354 3901 456 3954 t'utnm
477 3891 554 3950 ratio
584 3891 698 3950 suadet.
741 3889 819 3950 Nam
846 3909 953 3950 census
980 3894 1174 3970 imperatoria
1198 3903 1296 3953 aetate
1323 3895 1486 3954 secundum
1513 3895 1674 3970 provincias

353 3994 507 4056 ordinatus
532 4012 598 4052 cum
624 4004 676 4052 aut
700 3993 760 4071 ipsi
786 3993 916 4070 praesidi
942 3997 1174 4056 committeretur
1200 4005 1253 4054 sut
1273 3996 1373 4073 legato
1399 3997 1494 4055 missu
1515 3997 1557 4055 ad
1575 4013 1673 4055 census

355 4096 560 4175 accipiendos,
587 4096 639 4154 ille
665 4104 744 4154 certe
766 4115 828 4154 rem
850 4097 893 4154 ita
914 4099 1099 4173 perficiebat,
1126 4109 1160 4156 ut
1184 4099 1337 4178 negotium
1362 4099 1440 4158 inter
1462 4099 1588 4159 comites
1609 4098 1672 4156 diri-

433 4327 456 4392 ¹)
482 4330 512 4382 C.
523 4331 574 4392 111,
589 4331 657 4394 39⁸3
676 4330 782 4381 Henzen
802 4330 882 4383 64⁷0.
909 4313 1068 4384 Stautereeltt
1083 4333 1179 4394 1,118.

431 4420 456 4484 ²)
481 4425 587 4474 Henzen
607 4423 687 4474 otto.
714 4421 871 4475 Stautsreeirt
890 4427 915 4487 2,
931 4426 992 4474 224.

357 4541 360 4548 ·
431 4512 456 4577 ²)
479 4516 590 4567 vot1x
604 4533 629 4566 n.
644 4517 714 4567 3158
735 4517 825 4568 melius
844 4533 921 4582 quem
934 4517 1092 4570 1115369.
1121 4519 1173 4568 Pro
1193 4511 1369 4595 corrasimus
1387 4519 1670 4596 trediurrovlllrns

431 4605 456 4670 ⁴)
481 4609 543 4660 Vol.
553 4609 621 4659 VIII
640 4625 664 4660 n.
680 4611 759 4661 9358.

433 4699 457 4764 ⁵)
482 4701 597 4752 vorm
615 4718 639 4766 p.
656 4704 734 4753 1151.

432 4791 456 4856 ⁶)
486 4793 540 4844 Ala
559 4795 676 4860 Anguem
693 4795 762 4844 nude
781 4796 876 4860 passim
896 4797 1024 4848 iuvenitur
1042 4795 1070 4846 in
1089 4797 1169 4846 titulis
1187 4796 1352 4848 Britannicis.

433 4883 458 4950 7)
485 4885 565 4938 Orell.
578 4886 651 4937 3620
665 4889 760 4938 =vol.
774 4889 815 4938 IX
833 4905 859 4938 n.
874 4890 976 4938 scuta.
1002 4889 1104 4940 Titulus
1122 4905 1175 4940 non
1194 4889 1225 4940 ab
1244 4891 1317 4940 omni
1336 4891 1481 4955 suspicione
1500 4893 1619 4944 immunis
1632 4899 1669 4949 est,

356 4981 401 5030 sed
420 4979 589 5045 probabiliter
605 4982 740 5045 genuinos.
1746 5017 1747 5020 ι

359 5107 361 5110 -
434 5070 458 5134 ⁸)
483 5072 524 5122 Ita
541 5073 666 5138 suppleri,
686 5079 715 5122 ut
733 5081 771 5122 est
790 5075 816 5122 in
836 5075 916 5124 titulis
935 5075 1014 5125 Orell.
1029 5076 1081 5124 642
1102 5083 1127 5124 et
1145 5077 1258 5125 Hennen.
1273 5075 1345 5126 6450
1364 5083 1391 5125 et
1408 5075 1524 5129 I.R.N.
1539 5075 1608 5128 5369
1625 5075 1669 5136 (ubi
1746 5061 1747 5100 1

357 5165 485 5215 alternant
499 5149 633 5231 'Aequius
654 5161 749 5214 Caesar
767 5173 792 5214 et
813 5163 908 5216 Caesar
922 5167 1074 5232 Augustus),
1101 5183 1158 5217 eum
1183 5182 1277 5218 nomen
1297 5167 1418 5220 Caesaris
1440 5169 1539 5220 nudum
1558 5171 1605 5220 boe
1622 5169 1669 5218 loeo

358 5258 401 5307 vix
419 5255 481 5306 ferri
499 5259 588 5321 possit.

435 5345 459 5412 ⁹)
485 5349 558 5400 Mon.
577 5351 675 5414 Aneyr.
694 5367 719 5416 p.
733 5351 793 5400 115.
815 5353 865 5402 121
877 5365 930 5417 seq.
