3390 5970
346 621 418 692 388
874 637 1151 690 11011111111
1609 643 1645 694 aas
1677 656 1678 720 p

346 824 416 892 post
437 814 601 873 aediculam
630 813 798 872 dedicatam
825 819 855 870 et
880 813 1002 872 uomina
1028 813 1219 872 dimissorum
1248 813 1346 872 incisa
1370 813 1478 871 iterum
1505 821 1532 872 et
1554 815 1647 890 saepius

346 918 449 976 addita
471 934 538 976 esse
560 917 591 974 in
614 917 683 974 aliis
705 915 815 974 tabulis
837 916 959 974 nomina
976 915 1211 973 commilitonum
1234 923 1343 992 postea
1363 915 1559 974 dimissorum.
1590 914 1649 975 Sane

346 1020 404 1078 hoc
426 1040 464 1077 ex
485 1019 538 1077 illa
559 1037 591 1077 re
612 1026 694 1076 certo
713 1017 841 1075 eflicitur
856 1035 959 1076 omnes
973 1017 1031 1076 bos
1046 1016 1206 1076 laterculos
1229 1035 1257 1073 1.
1276 1015 1648 1077 selenitissuos
1678 1042 1679 1092 1

347 1122 473 1180 militum
489 1122 616 1180 honesta
630 1121 776 1178 missione
792 1119 999 1196 missoruml),
1022 1119 1160 1195 idemque
1177 1119 1252 1178 satis
1267 1118 1452 1178 confidenter
1466 1129 1587 1179 statuere
1600 1121 1649 1179 licat

346 1225 384 1282 de
403 1224 559 1282 laterculis
582 1241 675 1298 supra
693 1241 721 1281 u.
739 1216 844 1296 8951)
860 1221 915 1294 vl,
935 1220 1026 1280 8395.
1042 1219 1133 1280 8397.
1151 1221 1242 1280 8401.
1259 1219 1350 1293 8403,
1373 1227 1425 1298 qui
1440 1232 1470 1280 et
1484 1223 1650 1281 formassent

347 1326 519 1386 simillimae
545 1335 574 1384 et
600 1324 730 1383 eiusdem
758 1323 821 1382 lere
845 1341 913 1383 esse
935 1325 1043 1383 aetatis
1065 1331 1295 1400 cognoscuntur.
1338 1323 1405 1383 Nec
1427 1325 1584 1401 quidquam
1602 1327 1652 1382 huic

346 1429 389 1486 rei
412 1429 521 1486 obstat.
565 1425 646 1486 Nam
667 1426 749 1503 quod
774 1444 915 1484 numerus
938 1426 1065 1484 militum
1088 1426 1274 1503 singularum
1296 1427 1497 1485 centuriarum
1519 1428 1549 1485 in
1568 1427 1608 1484 bis
1624 1427 1652 1484 la·
1679 1428 1680 1440 ¹

347 1529 471 1588 terculis
498 1529 592 1588 multo
619 1529 696 1588 solet
723 1531 820 1587 maior
845 1545 914 1588 esse
940 1547 1029 1606 quam
1056 1530 1087 1586 iu
1114 1529 1266 1587 laterculis
1292 1529 1528 1604 antiquioribus,
1555 1547 1652 1587 consen-

348 1639 468 1690 taneum
495 1641 557 1704 est,
584 1650 645 1708 qua
670 1637 769 1690 aetate
795 1630 978 1707 praetoriani
1004 1649 1063 1688 non
1086 1649 1174 1688 omne
1196 1631 1321 1689 militiae
1342 1641 1462 1708 tempus
1483 1633 1513 1688 iu
1534 1631 1653 1709 praetorio

349 1741 574 1804 consumerent,
602 1733 654 1791 sed
681 1735 760 1792 baud
787 1733 892 1810 paucis
915 1733 1075 1810 stipendiis
1101 1733 1130 1790 in
1157 1733 1325 1811 legionibus
1347 1733 1462 1792 meritis
1489 1755 1542 1812 per
1562 1734 1654 1792 ultimos

350 1837 447 1895 solum
472 1835 596 1894 militiae
618 1853 714 1894 annos
741 1840 771 1893 in
798 1836 971 1894 cohortibus
998 1835 1157 1912 praetoriis
1179 1845 1296 1908 esseut,
1323 1837 1454 1896 maxime
1480 1847 1590 1896 auctum
1607 1853 1654 1893 esse

350 1958 506 1997 numerum
529 1957 642 2008 eorum,
665 1937 768 2012 quiin
791 1957 851 1995 uua
871 1956 990 2014 quaque
1012 1937 1157 1996 missione
1179 1937 1346 1996 dimittendi
1368 1949 1479 1998 essent

433 2041 495 2099 lam
518 2039 598 2116 quod
621 2039 710 2097 modo
727 2039 859 2098 diximus
876 2039 1037 2098 laterculos
1052 2057 1131 2115 quos
1146 2041 1376 2100 memoravimus
1391 2059 1460 2100 esse
1475 2043 1599 2101 eiusdem
1610 2041 1656 2098 lere

352 2144 470 2212 aetatis,
495 2151 527 2199 ut
549 2143 585 2200 de
606 2141 768 2213 laterculis,
790 2159 868 2218 quos
889 2149 1031 2201 testatum
1054 2149 1101 2200 est
1121 2141 1217 2202 fuisse
1238 2143 1268 2200 iu
1292 2142 1394 2202 eadem
1417 2143 1562 2216 aedicula,
1581 2161 1656 2219 perse

353 2249 585 2304 consentaneum
601 2251 656 2314 est,
679 2244 723 2301 ita
741 2243 777 2300 de
798 2244 938 2302 omnibus
962 2243 1008 2302 vel
1029 2243 1127 2301 forma
1149 2245 1312 2303 litterarum
1335 2245 1383 2303 vel
1405 2245 1467 2304 alia
1488 2247 1590 2304 indicia
1606 2264 1658 2320 pro-
1681 2289 1682 2292 ¹

350 2349 437 2418 baut,
466 2355 497 2404 ut
523 2365 552 2404 n.
573 2345 630 2404 891
657 2345 699 2421 (1,
722 2345 784 2420 19).
814 2344 874 2404 894
894 2345 935 2419 (0,
955 2347 1006 2416 11;
1028 2345 1127 2421 1184)
1150 2345 1210 2404 895
1227 2347 1268 2421 (v.
1288 2345 1349 2422 15).
1372 2347 1428 2419 VI,
1450 2346 1529 2407 8397
1549 2347 1585 2421 (u.
1599 2349 1621 2405 6.
1635 2347 1657 2416 i)

350 2450 438 2508 incisi
454 2456 533 2521 suut,
554 2457 710 2522 autequam
727 2445 826 2506 Siscia
840 2467 859 2505 a
874 2445 1020 2523 Septimio
1035 2465 1143 2505 nomeu
1159 2445 1321 2524 Septimiae
1343 2449 1541 2524 accipereti).
1567 2449 1658 2507 Tamcu

351 2558 560 2628 praeterquam
583 2548 663 2625 quod
686 2549 842 2624 probabile
864 2549 911 2606 vel
934 2557 1013 2607 certe
1035 2549 1176 2608 credibile
1199 2559 1245 2608 est
1267 2571 1295 2608 1.
1313 2551 1373 2609 896
1393 2551 1495 2609 01891
1522 2567 1583 2608 1110
1600 2551 1659 2608 eius·
1682 2586 1683 2622 ,

352 2653 420 2711 dem
442 2650 592 2720 laterculi,
619 2651 650 2708 in
676 2651 785 2709 ceteris
808 2651 906 2710 forma
926 2652 1092 2710 litterarum
1115 2651 1260 2710 eiusmodi
1282 2661 1339 2722 est,
1367 2661 1400 2710 ut
1422 2654 1500 2712 dnos
1522 2653 1659 2712 11100111-
1682 2631 1683 2634 Ἴ

353 2755 420 2813 dem
444 2753 597 2812 missionis
621 2753 657 2810 de
679 2753 832 2830 plerisque
853 2753 1021 2829 negandum
1044 2753 1093 2824 sit,
1116 2753 1152 2811 de
1174 2754 1258 2812 nullo
1281 2755 1426 2813 affirmari
1448 2756 1552 2831 possit
1576 2753 1659 2812 Viden·

352 2865 521 2915 tutantem
549 2873 652 2914 omues
679 2855 824 2912 contineri
850 2855 976 2932 imperio
1004 2854 1142 2931 Septimii
1169 2855 1288 2930 Severi,
1316 2875 1371 2915 uec
1397 2865 1487 2916 notae
1512 2857 1591 2916 nobis
1609 2866 1661 2913 sunt

353 2957 474 3016 tabulae
497 2975 680 3016 marmoreae
701 2957 864 3016 laterculos
880 2957 1007 3016 militnm
1022 2959 1283 3034 praetorianorum
1305 2959 1493 3019 continentes
1514 2955 1660 3037 posterioris
1683 2972 1684 3004 l

354 3059 512 3134 aetatis4).

438 3161 569 3239 Propter
590 3161 665 3220 haec
686 3180 765 3237 quaa
787 3163 983 3238 exposuimus
1005 3163 1094 3221 etiam
1116 3163 1147 3222 iu
1169 3163 1208 3222 iis
1230 3181 1307 3239 quae
1328 3164 1360 3224 iu
1382 3165 1441 3222 101.
1454 3164 1498 3223 171
1519 3164 1660 3222 dixeramus

356 3273 426 3324 sunt
447 3283 525 3340 quae
548 3263 725 3342 corrigenda
746 3263 815 3323 sint
860 3265 985 3340 Aliquid
1000 3265 1105 3324 iamin
1121 3265 1266 3326 addendis
1288 3287 1317 3344 p.
1334 3265 1394 3326 868
1418 3267 1457 3325 ad
1478 3285 1507 3324 1.
1524 3265 1596 3324 3885
1614 3283 1661 3321 001·

354 3367 489 3425 reximus
513 3365 646 3425 dicentes
669 3366 745 3425 sitne
767 3365 929 3426 laterculus
951 3367 1061 3444 aliquis
1083 3369 1341 3445 praetorianorum
1363 3388 1401 3428 an
1424 3369 1594 3426 urbanorum
1612 3383 1661 3439 cog·

355 3469 441 3527 nosci
463 3488 523 3527 nou
545 3485 636 3546 posse
658 3487 696 3528 ex
718 3468 838 3527 nomine
860 3469 956 3546 patris
977 3478 1007 3529 et
1029 3471 1109 3528 tribu
1128 3470 1176 3528 vel
1192 3470 1302 3530 additis
1317 3471 1365 3530 vel
1379 3471 1512 3530 omissis.
1542 3469 1661 3528 Idoueum

355 3580 454 3630 antem
477 3571 575 3630 uisum
601 3581 648 3630 est
672 3570 720 3630 hic
742 3571 879 3630 subicere
901 3572 1028 3630 indicem
1051 3573 1264 3632 laterculorum
1286 3573 1488 3634 custodiarum
1510 3573 1661 3632 urbanarum

356 3673 444 3734 annis
466 3673 670 3751 praescriptis,
691 3691 818 3750 quarum
838 3681 941 3752 partes
963 3674 1117 3733 habemns.

403 3805 446 3870 qui
460 3805 571 3855 militare
584 3811 725 3870 coeperunt
777 3805 965 3890 nomeupstris
1002 3805 1075 3870 origo
1225 3805 1325 3856 dimissi

357 3948 542 4026 praetoriani
565 3969 592 4006 a.
612 3951 679 4008 119.
699 3951 772 4022 1203
814 3877 935 3928 ΝΜ

400 4049 506 4107 urbani
529 4068 556 4106 a.
575 4051 717 4111 115116
803 4051 949 4110 0111111111
981 4050 1101 4110 additur
1134 4051 1661 4128 1111611110.1361118375118

1511 4155 1635 4215 8404110

358 4253 704 4330 ρ110101.1.185.186
828 4257 922 4314 omitt.
1009 4256 1078 4316 add.
1137 4267 1168 4316 ut
1190 4279 1216 4316 v.
1240 4277 1267 4315 a.
1286 4255 1343 4314 148
1440 4257 1493 4331 VI,
1509 4257 1583 4316 8405

438 4375 464 4418 a.
484 4354 552 4414 187.
572 4356 628 4416 188
640 4358 671 4434 ⁵)
829 4357 947 4417 additur
1023 4359 1037 4417 1
1137 4359 1421 4419 111.0.144111148
1438 4360 1494 4436 vl,
1509 4359 1583 4420 8376

439 4580 462 4643 ¹)
492 4581 652 4634 Confirmant
670 4591 746 4635 notas
766 4583 888 4648 coo(cuti)
909 4601 934 4636 n.
950 4587 1013 4648 898,
1028 4586 1064 4648 Π,
1081 4587 1115 4636 10
1134 4591 1160 4636 01
1180 4583 1322 4646 1941111.

436 4672 461 4736 ²)
494 4673 667 4726 confirmatur
686 4683 748 4726 uota
765 4677 892 4740 00011011)
912 4678 949 4739 Π,
963 4678 1007 4728 30.

438 4763 463 4828 ³)
493 4766 592 4816 Contra
610 4768 747 4819 laterculus
766 4786 792 4819 u.
808 4770 859 4821 895
875 4770 948 4832 (1.8.
964 4769 991 4832 9)
1012 4770 1112 4822 videtur
1131 4769 1661 4838 110111111101111111110011111111811

362 4858 462 4908 timiam
482 4859 639 4922 appellatum
659 4867 704 4921 est,
726 4862 842 4912 laterculi
862 4879 886 4912 n.
902 4863 953 4914 898
968 4863 998 4923 (Ι,
1016 4861 1051 4924 8).
1072 4864 1125 4912 894
1139 4859 1164 4923 (b
1182 4863 1224 4924 14)
1244 4870 1342 4928 postea.

438 4947 463 5010 ⁴)
491 4951 577 5000 Etiam
598 4952 749 5002 laterculum
768 4955 990 5018 praetorianorum
1003 4955 1049 5015 VI,
1065 4957 1145 5016 8386,
1171 4957 1215 5020 qui
1241 4957 1287 5006 etei
1307 4957 1421 5021 paullum
1441 4959 1536 5008 diverse
1555 4961 1660 5016 conceptu·

362 5051 407 5102 est,
429 5041 544 5092 eiusdem
571 5043 671 5092 videtur
693 5059 749 5094 esse
768 5047 884 5108 generis,
909 5048 961 5096 ism
981 5048 1008 5096 11
1028 5047 1143 5111 Corpore
1162 5048 1274 5098 diximus
1294 5065 1326 5099 ex
1346 5052 1452 5101 nomine
1471 5040 1659 5112 Ptmnmlupdt

361 5136 483 5198 cognosci
503 5149 559 5185 0110
578 5135 687 5186 incisum
705 5143 764 5186 aute
784 5138 946 5188 interfectum
967 5139 1140 5190 Plautianum.

441 5225 464 5288 ⁵)
495 5229 530 5288 11,
546 5229 561 5278 9
583 5228 684 5278 videtur
702 5231 872 5294 supplendum
893 5245 947 5282 esse
964 5230 1112 5294 7R0]moai
1130 5234 1170 5283 101
1189 5235 1315 5284 similiter.
1347 5235 1480 5288 Urbanine
1494 5251 1524 5286 au
1537 5224 1659 5300 011010ῐὶ411

362 5319 528 5384 intellegendi
546 5322 605 5383 siut,
625 5320 690 5370 nibil
709 5321 814 5372 indicat.
