3532 5964
338 483 363 552 4
866 503 1143 557 anurnnunnrn

341 675 448 734 decimi
476 678 554 736 sexti
582 677 751 738 accuratius
774 679 998 754 cognoscendos
1021 679 1170 756 pertinent
1192 677 1259 736 edet
1281 687 1371 754 atque
1393 676 1567 735 illustrabit.
1613 674 1680 734 Nos

338 786 436 836 autem
460 779 521 850 illa,
544 787 577 838 ut
599 798 653 855 par
674 787 730 852 est,
752 781 898 838 hocloco
919 781 1015 840 missa
1036 781 1194 853 iaciemus;
1219 779 1270 839 sed
1293 798 1360 838 cum
1376 779 1563 838 Venturinus
1586 779 1677 836 etiam

337 879 411 938 illud
434 899 494 938 non
520 881 695 958 neglexerit,
723 881 892 959 ubicunque
913 883 1028 941 itineris
1050 883 1289 960 opportunitates
1312 881 1455 952 serebant,
1485 889 1679 940 monumenta

338 984 496 1041 vetustatis
523 984 683 1042 observare
710 984 874 1060 titulosque
909 983 1069 1060 inscriptos
1103 993 1163 1044 tem
1190 983 1346 1042 Romanae
1378 1001 1468 1060 quam
1501 981 1675 1041 recentioris

339 1084 447 1143 aetatis
470 1084 651 1158 describere,
673 1087 774 1146 omnia
790 1105 867 1163 quae
882 1087 919 1144 ad
942 1087 1012 1144 illos
1036 1087 1185 1164 pertinent
1205 1086 1274 1144 inde
1290 1086 1376 1144 nobis
1399 1093 1468 1144 sunt
1489 1084 1651 1143 enotanda.

421 1187 484 1244 Iter
505 1195 643 1264 coeptum
659 1195 707 1246 est
728 1188 776 1247 die
800 1189 849 1247 30.
865 1209 903 1247 m.
920 1189 1000 1247 lunii
1022 1189 1092 1246 anni
1111 1189 1186 1247 1571
1212 1195 1300 1265 atque
1315 1206 1369 1265 per
1391 1186 1512 1246 Italiam
1528 1185 1676 1246 Galliam-

338 1306 395 1364 que
417 1288 643 1349 meridionalem
664 1297 805 1349 terrestre
828 1291 957 1348 viatores
980 1291 1019 1348 ad
1040 1290 1238 1350 Barcinonem
1260 1290 1398 1367 primum,
1421 1289 1470 1348 ubi
1488 1288 1674 1347 Venturinus

338 1389 412 1448 nihil
445 1391 619 1468 descripsit,
652 1391 758 1450 deinde
791 1393 828 1450 sd
856 1393 1059 1452 Tarraconem
1087 1393 1180 1450 duxit
1228 1391 1401 1451 Tarracone
1428 1391 1532 1450 titulos
1559 1390 1675 1465 aliquot

337 1491 524 1551 Venturiuus
546 1493 631 1565 vidit,
653 1494 754 1571 plures
777 1495 815 1552 ab
838 1495 942 1553 amicis
964 1495 1088 1570 accepit.
1126 1493 1204 1553 Nam
1227 1493 1310 1552 addit
1331 1495 1362 1552 in
1384 1494 1443 1551 fine
1469 1493 1674 1551 commentarii

339 1595 414 1667 eius,
435 1595 488 1671 qui
511 1595 548 1652 ad
571 1595 775 1655 Tarraconem
798 1605 923 1674 spectat,
945 1597 1033 1655 baec:
1060 1596 1148 1655 Meas.
1166 1595 1309 1654 &ocanni
1331 1596 1530 1654 Robustiert
1551 1593 1675 1670 (nomen

338 1713 399 1754 nou
424 1705 504 1755 recte
530 1697 649 1756 videtur
677 1699 754 1756 tradi
778 1699 971 1776 descriptoris
994 1699 1096 1774 culpa;
1123 1699 1242 1756 aliunde
1269 1699 1419 1756 bominem
1447 1716 1506 1756 nou
1528 1697 1613 1771 novi)
1637 1700 1676 1753 nri

338 1799 412 1856 dono
433 1797 516 1856 molt’
537 1799 610 1857 altre
632 1804 737 1876 φέρω
765 1801 854 1860 Mese.
878 1801 990 1858 Ponto
1013 1802 1121 1859 dcttcre
1143 1820 1157 1858 c
1179 1801 1312 1859 historico
1338 1800 1549 1858 Tarraconense
1570 1816 1613 1856 ane
1638 1817 1674 1856 ne

330 1901 396 1974 fece
422 1901 532 1976 leggere
557 1921 596 1960 un
623 1901 696 1960 libro
723 1906 824 1960 tuttero
850 1923 864 1962 e
888 1906 928 1960 mi
954 1905 1030 1961 disse
1061 1902 1174 1960 decerto
1202 1911 1300 1978 presto
1332 1903 1471 1960 madore
1497 1904 1527 1958 ia
1558 1909 1675 1975 stampe

338 2001 464 2079 (prodiit
485 2001 562 2061 liber
583 2003 712 2062 Pontis
735 2005 776 2062 de
797 2005 895 2064 Icart
920 2023 947 2063 a.
967 2004 1055 2076 1572,
1080 2023 1106 2062 v.
1131 2005 1188 2062 vol.
1205 2005 1237 2062 II
1259 2024 1288 2081 p.
1306 2004 1390 2074 544).
1427 2004 1488 2062 Per
1509 2002 1673 2062 Dertosam

337 2121 427 2180 porro
443 2101 609 2182 Saguntum
624 2113 654 2162 et
668 2105 849 2180 Valentiam,
866 2106 972 2165 deiude
987 2125 1040 2183 per
1058 2106 1140 2165 Uclts
1155 2106 1307 2164 Matritum
1323 2106 1510 2182 perveniunt.
1544 2101 1674 2182 Sagunti

338 2206 460 2264 arietem
476 2207 629 2283 antiquum
644 2207 828 2267 Venturinus
848 2209 931 2282 vidit,
955 2209 992 2266 de
1013 2227 1072 2285 quo
1095 2208 1158 2266 dixi
1181 2207 1303 2284 alibil),
1327 2217 1355 2266 et
1375 2208 1495 2267 titulum
1511 2205 1673 2265 Hebraicis

336 2307 445 2366 litteris
477 2309 655 2386 inscriptum
689 2309 747 2367 rol.
768 2309 801 2368 11
830 2329 859 2368 n.
882 2309 975 2384 373·;
1009 2309 1137 2369 Latinos
1166 2328 1226 2368 non
1254 2306 1364 2368 multos
1397 2319 1427 2368 et
1464 2309 1584 2368 aliunde
1609 2309 1673 2367 fere

336 2419 434 2467 notos.
476 2410 589 2470 Matriti
616 2427 734 2470 menses
763 2413 880 2488 aliquot
904 2413 934 2470 in
961 2412 1032 2471 aula
1056 2411 1192 2489 Philippi
1213 2412 1246 2471 II
1273 2412 1351 2490 regis
1378 2411 1552 2470 commorati
1579 2411 1607 2470 d.
1634 2412 1671 2468 14

336 2511 454 2570 demum
489 2531 527 2570 m.
555 2511 735 2571 Novembris
770 2513 958 2590 Olisiponem
991 2515 1028 2574 ad
1064 2531 1164 2590 regem
1198 2512 1411 2574 Sebastianum
1443 2514 1569 2592 profecti
1602 2521 1673 2572 sunt

336 2633 390 2690 per
422 2613 602 2672 Talaveram
636 2615 804 2694 Oropesam
842 2616 1019 2695 Turgalium
1056 2616 1119 2692 (ubi
1153 2615 1347 2675 Heruandunr
1384 2615 1553 2688 Pisano,
1587 2616 1672 2692 regui

336 2714 494 2774 Penuriani
545 2717 703 2790 victorem,
754 2719 906 2794 uiderunt)
952 2719 1116 2779 Emeritam
1164 2718 1299 2778 Norbam
1347 2717 1490 2778 Caurium
1533 2717 1673 2791 Budajdr

338 2817 479 2876 Eboram.
523 2819 558 2876 Iu
585 2820 647 2878 illis
670 2838 790 2896 quoque
812 2821 931 2898 oppidis
954 2822 1100 2898 quaedam
1124 2821 1307 2880 Venturinus
1331 2841 1368 2880 ex
1395 2821 1546 2897 lapidibus
1568 2831 1673 2880 eucta-

336 2919 380 2978 vit
405 2919 524 2978 aliunde
546 2940 605 2979 uon
627 2929 711 2994 nota3
740 2930 820 2981 certe
843 2923 997 2982 titulorum
1019 2925 1082 2981 eius
1105 2925 1238 3000 regionis
1261 2933 1364 2982 auctor
1385 2934 1432 2982 est
1453 2923 1595 2996 omnium,
1618 2925 1673 3000 qni

337 3022 433 3080 adhuc
458 3023 658 3096 innotuerunt,
680 3025 913 3084 vetustissimus.
958 3025 1076 3084 Eborac
1099 3025 1283 3086 Venturinus
1305 3029 1458 3087 Andream
1484 3027 1671 3088 Rescndium

336 3123 411 3181 vidit
439 3124 476 3182 ab
504 3141 598 3200 eoque
624 3127 739 3203 accepit
764 3127 873 3186 librum
901 3127 966 3185 eius
995 3147 1021 3184 a.
1049 3129 1126 3187 1553
1153 3129 1274 3202 editum,
1302 3131 1379 3188 unde
1406 3131 1509 3190 titulos
1536 3132 1594 3190 sibi
1616 3151 1670 3190 ex-

338 3209 461 3304 scripsit
475 3235 534 3284 tum
550 3227 695 3304 genuinos
710 3227 756 3302 (ut
771 3249 798 3286 n.
817 3229 875 3286 114
893 3228 952 3288 339
973 3238 1003 3288 et
1022 3230 1217 3289 christianum
1237 3232 1327 3291 inscr.
1342 3231 1431 3310 Hisp.
1448 3233 1550 3292 christ.
1567 3253 1595 3292 n.
1615 3233 1669 3309 ll)

336 3345 427 3402 quam
448 3325 543 3386 falsos
566 3327 639 3404 02*
662 3324 715 3386 18·
738 3329 792 3388 19*
809 3329 865 3388 21*
887 3339 917 3390 et
937 3331 1131 3390 christianum
1154 3333 1261 3392 falsum
1287 3332 1347 3409 1¹⁵),
1369 3335 1463 3406 nulls,
1486 3343 1518 3392 ut
1540 3352 1670 3394 consen-

335 3437 455 3488 taneum
476 3440 536 3500 est,
563 3430 742 3508 suspicionis
765 3432 983 3509 significatione
1006 3434 1117 3492 addita.
1160 3437 1261 3511 Atque
1287 3436 1335 3494 hic
1358 3437 1440 3512 prior
1461 3436 1575 3497 itineris
1596 3457 1671 3515 pars

334 3531 445 3590 finitur.
488 3530 538 3589 Ex
560 3529 728 3610 Olisipoue,
751 3551 841 3610 quam
864 3535 967 3592 urbem
990 3535 1017 3594 d.
1044 3535 1080 3593 13
1105 3555 1142 3594 m.
1159 3535 1335 3596 Decembris
1357 3539 1548 3614 reliquerant,
1570 3539 1670 3598 redux

335 3641 456 3691 coactus
489 3639 535 3690 est
571 3634 725 3711 aliquanto
761 3635 873 3696 diutius
906 3637 1084 3696 commorari
1120 3638 1151 3695 in
1184 3639 1328 3716 oppidulo
1360 3647 1391 3699 et
1422 3641 1546 3700 castello
1584 3641 1670 3702 ducis

334 3733 518 3811 Bragantiae
546 3735 730 3812 thbsctctoca
757 3737 852 3809 dicto,
886 3757 905 3795 a
933 3739 1063 3815 posteris
1097 3740 1162 3798 eius
1187 3740 1395 3818 Portugalliae
1425 3743 1546 3821 regibus
1576 3743 1670 3802 hodie

334 3855 454 3914 quoque
489 3856 543 3914 per
577 3856 697 3898 menses
734 3839 850 3917 aliquot
883 3842 1071 3901 autumnales
1106 3843 1235 3901 venandi
1271 3861 1364 3903 causa
1398 3843 1528 3903 habitari
1564 3845 1667 3919 solito,

335 3956 402 3996 cum
434 3939 635 4015 patriarcham
663 3940 904 4002 Alexandrinum
937 3943 1033 4019 (quod
1063 3961 1171 4003 nomen
1201 3945 1257 4002 viri
1289 3945 1369 4004 illius
1399 3945 1516 4005 videtur
1547 3947 1668 4024 fuisse),

412 4245 436 4308 ¹)
456 4248 566 4297 Hermae
585 4249 668 4299 volt
689 4249 782 4312 (1867)
802 4265 828 4315 p.
843 4251 939 4301 450ss.
978 4251 1057 4302 Addo
1077 4253 1215 4305 Venturini
1234 4255 1443 4321 descriptionem,
1468 4265 1496 4307 ut
1514 4259 1585 4308 testis
1606 4275 1666 4310 ocu·

333 4340 369 4388 ati
388 4339 417 4400 (i.
432 4339 492 4402 ⁷9i=
526 4331 653 4391 ‘incontra
683 4340 712 4390 ut
739 4341 844 4392 canello
871 4337 910 4391 ὲ.
931 4377 938 4392 .
958 4378 965 4393 .
984 4359 1035 4394 una
1060 4343 1180 4396 eliesettu
1202 4344 1248 4412 yid
1274 4346 1400 4410 masclae,
1420 4364 1512 4416 prem
1539 4349 1567 4400 la
1591 4353 1667 4417 quate

331 4431 405 4496 piace
423 4425 468 4480 un'
491 4431 578 4494 ariete,
604 4439 721 4483 tcsrneuto
742 4431 830 4484 bellico
851 4435 944 4497 antico,
970 4435 1022 4486 alto
1041 4438 1079 4486 sei
1095 4437 1183 4504 palmi,
1204 4437 1227 4488 te
1245 4454 1324 4490 corna
1337 4439 1428 4506 palmi·
1441 4437 1465 4504 7,
1491 4441 1565 4508 lungo
1580 4443 1668 4510 palmi

333 4517 382 4582 52;
405 4521 471 4590 dopo
485 4523 513 4572 Ia
526 4530 590 4574 testa
607 4525 635 4573 da
653 4541 732 4575 mereo
750 4525 773 4574 il
791 4523 865 4576 dorso
886 4528 950 4577 tiene
967 4544 1001 4577 un
1013 4527 1088 4594 ferro
1107 4547 1197 4596 grosso
1217 4546 1282 4582 come
1301 4531 1408 4583 calonna
1426 4531 1455 4582 dt
1472 4548 1551 4584 merso
1566 4535 1665 4601 palmo,

331 4613 354 4662 it
376 4629 452 4680 corpo
479 4615 552 4682 largo
572 4615 657 4682 palmi
680 4617 728 4679 sei,
757 4619 846 4668 veruto
871 4617 900 4667 dt
923 4621 986 4670 tarne
1010 4619 1039 4669 dt
1054 4620 1144 4684 ferro,
1175 4624 1292 4675 intercute
1316 4623 1345 4674 a·
1368 4627 1521 4676 strettisar'me
1540 4626 1629 4690 corde,
1653 4645 1666 4677 e

332 4721 453 4772 appresso
482 4705 546 4756 altri
572 4707 641 4773 leyns'
663 4724 679 4757 α
702 4715 756 4759 rote
780 4725 793 4758 e
815 4711 974 4774 proscissione
996 4711 1060 4778 suni
1087 4713 1122 4764 da
1147 4713 1243 4764 lecarlc
1268 4731 1281 4767 e
1304 4717 1403 4768 urturlo
1432 4717 1497 4768 aelle
1520 4712 1664 4786 muraqlr'e’.

332 4800 451 4863 Apparet
469 4799 640 4848 Venturinum
662 4800 811 4851 coniunctas
834 4803 928 4854 vidisse
947 4805 1091 4870 relliquias,
1117 4821 1225 4871 quarum
1250 4808 1357 4858 alteram
1376 4817 1474 4874 partem
1494 4813 1667 4878 quadraginta

331 4891 385 4938 lere
408 4891 482 4940 annis
501 4897 560 4955 post
578 4906 636 4941 eum
649 4891 827 4954 Bibranus,
847 4895 956 4946 alteram
974 4895 1079 4961 Baybr
1098 4904 1157 4962 post
1174 4901 1277 4950 saecula
1290 4901 1341 4951 duo
1355 4903 1552 4968 descripserunt.
1585 4905 1664 4956 Prae·

331 4988 402 5030 terea
418 4983 577 5032 Venturiuus
597 4984 616 5033 1.
632 4985 666 5034 80
686 4993 762 5050 caput
781 4992 879 5037 statuae
899 4989 1028 5051 describit,
1050 4990 1119 5054 quod
1139 4991 1183 5040 alii
1203 4993 1358 5044 Hannibalis
1377 5009 1432 5044 esse
1452 4995 1598 5058 credebant,
1619 4999 1665 5048 alii

330 5073 458 5123 Herculis.
491 5073 583 5139 Caput,
604 5076 673 5140 quod
693 5077 801 5127 credunt
813 5079 968 5131 Hannibalis
985 5095 1048 5144 esse,
1061 5081 1162 5133 ldatriti
1182 5086 1277 5136 serrari
1296 5086 1323 5136 in
1343 5101 1432 5137 museo
1451 5088 1521 5152 regio
1540 5089 1663 5141 adnotari

330 5163 416 5216 anule
434 5161 580 5217 Bildwerke
599 5167 626 5217 in
645 5165 755 5219 Madau
771 5187 796 5235 p.
813 5171 864 5222 135
885 5188 910 5222 ιι.
927 5174 988 5224 259.
