<?xml version="1.0" encoding="UTF-8"?>
<!DOCTYPE html PUBLIC "-//W3C//DTD XHTML 1.0 Transitional//EN"
    "http://www.w3.org/TR/xhtml1/DTD/xhtml1-transitional.dtd">
<html xmlns="http://www.w3.org/1999/xhtml" xml:lang="en" lang="en">
 <head>
  <title>
</title>
<meta http-equiv="Content-Type" content="text/html;charset=utf-8" />
  <meta name='ocr-system' content='tesseract 3.04.00' />
  <meta name='ocr-capabilities' content='ocr_page ocr_carea ocr_par ocr_line ocrx_word'/>
</head>
<body>
  <div class='ocr_page' id='page_1' title='image "./ephemerisepigra10instgoog_0369.png"; bbox 0 0 3390 5970; ppageno 0'>
   <div class='ocr_carea' id='block_1_1' title="bbox 354 587 1081 660">
    <p class='ocr_par' dir='ltr' id='par_1_1' title="bbox 354 587 1081 660">
     <span class='ocr_line' id='line_1_1' title="bbox 354 587 1081 660; baseline 0.003 -2"><span class='ocrx_word' id='word_1_1' title='bbox 354 587 428 658; x_wconf 82' lang='lat'><strong>358</strong></span> <span class='ocrx_word' id='word_1_2' title='bbox 958 609 1081 660; x_wconf 68' lang='lat' dir='ltr'><strong>sevus</strong></span> 
     </span>
    </p>
   </div>
   <div class='ocr_carea' id='block_1_2' title="bbox 438 781 1662 861">
    <p class='ocr_par' dir='ltr' id='par_1_2' title="bbox 438 781 1662 861">
     <span class='ocr_line' id='line_1_2' title="bbox 438 781 1662 861; baseline -0.001 -18"><span class='ocrx_word' id='word_1_3' title='bbox 438 781 656 861; x_wconf 88' lang='lat' dir='ltr'><strong>Signiferorum</strong></span> <span class='ocrx_word' id='word_1_4' title='bbox 682 783 834 860; x_wconf 84' lang='lat' dir='ltr'><strong>exempla,</strong></span> <span class='ocrx_word' id='word_1_5' title='bbox 864 801 942 859; x_wconf 87' lang='lat' dir='ltr'><strong>quae</strong></span> <span class='ocrx_word' id='word_1_6' title='bbox 972 801 1011 841; x_wconf 86' lang='lat' dir='ltr'><strong>ex</strong></span> <span class='ocrx_word' id='word_1_7' title='bbox 1041 783 1214 842; x_wconf 81' lang='lat' dir='ltr'><strong>cohortibus</strong></span> <span class='ocrx_word' id='word_1_8' title='bbox 1243 781 1366 860; x_wconf 81' lang='lat' dir='ltr'><strong>vigilum</strong></span> <span class='ocrx_word' id='word_1_9' title='bbox 1391 782 1485 859; x_wconf 84' lang='lat' dir='ltr'><strong>vulgo</strong></span> <span class='ocrx_word' id='word_1_10' title='bbox 1512 783 1662 854; x_wconf 82' lang='lat' dir='ltr'><strong>afferuntur,</strong></span> 
     </span>
    </p>
   </div>
   <div class='ocr_carea' id='block_1_3' title="bbox 352 883 1661 1066">
    <p class='ocr_par' dir='ltr' id='par_1_3' title="bbox 352 883 1661 1066">
     <span class='ocr_line' id='line_1_3' title="bbox 352 883 534 944; baseline 0 -1"><span class='ocrx_word' id='word_1_11' title='bbox 352 883 431 944; x_wconf 80' lang='lat' dir='ltr'><strong>falsu</strong></span> <span class='ocrx_word' id='word_1_12' title='bbox 453 893 534 944; x_wconf 90' lang='lat' dir='ltr'><strong>sunt:</strong></span> 
     </span>
     <span class='ocr_line' id='line_1_4' title="bbox 437 983 1661 1066; baseline 0.002 -22"><span class='ocrx_word' id='word_1_13' title='bbox 437 985 504 1046; x_wconf 66' lang='lat' dir='ltr'><strong>W.</strong></span> <span class='ocrx_word' id='word_1_14' title='bbox 536 987 576 1045; x_wconf 86' lang='lat' dir='ltr'><strong>A.</strong></span> <span class='ocrx_word' id='word_1_15' title='bbox 599 983 721 1047; x_wconf 89' lang='lat' dir='ltr'><strong>Silanus</strong></span> <span class='ocrx_word' id='word_1_16' title='bbox 741 987 808 1048; x_wconf 88' lang='lat' dir='ltr'><strong>coh.</strong></span> <span class='ocrx_word' id='word_1_17' title='bbox 824 987 838 1046; x_wconf 93' lang='lat' dir='ltr'>I</span> <span class='ocrx_word' id='word_1_18' title='bbox 854 987 935 1065; x_wconf 83' lang='lat' dir='ltr'><strong>vigil.</strong></span> <span class='ocrx_word' id='word_1_19' title='bbox 952 987 1085 1066; x_wconf 88' lang='lat' dir='ltr'><strong>signifer.</strong></span> <span class='ocrx_word' id='word_1_20' title='bbox 1121 990 1271 1041; x_wconf 86' lang='lat' dir='ltr'><strong>Beneventi.</strong></span> <span class='ocrx_word' id='word_1_21' title='bbox 1290 991 1340 1052; x_wconf 81' lang='lat' dir='ltr'><strong>lx,</strong></span> <span class='ocrx_word' id='word_1_22' title='bbox 1354 989 1661 1047; x_wconf 76' lang='lat' dir='ltr'><strong>1625=1.R.N.1tsst.</strong></span> 
     </span>
    </p>
   </div>
   <div class='ocr_carea' id='block_1_4' title="bbox 351 1091 1662 1252">
    <p class='ocr_par' dir='ltr' id='par_1_4' title="bbox 351 1091 1662 1252">
     <span class='ocr_line' id='line_1_5' title="bbox 351 1091 1662 1158; baseline 0 -16"><span class='ocrx_word' id='word_1_23' title='bbox 351 1091 475 1142; x_wconf 86' lang='lat' dir='ltr'><strong>Kellerm.</strong></span> <span class='ocrx_word' id='word_1_24' title='bbox 491 1093 534 1142; x_wconf 86' lang='grc'><strong>77.</strong></span> <span class='ocrx_word' id='word_1_25' title='bbox 564 1093 679 1142; x_wconf 74' lang='lat' dir='ltr'><strong>&#39;situlum</strong></span> <span class='ocrx_word' id='word_1_26' title='bbox 698 1094 791 1144; x_wconf 87' lang='lat' dir='ltr'><strong>misere</strong></span> <span class='ocrx_word' id='word_1_27' title='bbox 808 1094 992 1158; x_wconf 87' lang='lat' dir='ltr'><strong>interpolatum</strong></span> <span class='ocrx_word' id='word_1_28' title='bbox 1012 1107 1068 1144; x_wconf 85' lang='lat' dir='ltr'><strong>esse</strong></span> <span class='ocrx_word' id='word_1_29' title='bbox 1086 1093 1175 1144; x_wconf 87' lang='lat' dir='ltr'><strong>docuit</strong></span> <span class='ocrx_word' id='word_1_30' title='bbox 1186 1092 1371 1155; x_wconf 81' lang='lat' dir='ltr'><strong>Mommsenus,</strong></span> <span class='ocrx_word' id='word_1_31' title='bbox 1392 1093 1437 1158; x_wconf 90' lang='lat' dir='ltr'><strong>qui</strong></span> <span class='ocrx_word' id='word_1_32' title='bbox 1451 1093 1573 1143; x_wconf 84' lang='lat' dir='ltr'><strong>restituit:</strong></span> <span class='ocrx_word' id='word_1_33' title='bbox 1591 1093 1621 1144; x_wconf 74' lang='lat' dir='ltr'><strong>A.</strong></span> <span class='ocrx_word' id='word_1_34' title='bbox 1632 1094 1662 1146; x_wconf 87' lang='lat' dir='ltr'><strong>Si·</strong></span> 
     </span>
     <span class='ocr_line' id='line_1_6' title="bbox 351 1183 832 1252; baseline 0.008 -20"><span class='ocrx_word' id='word_1_35' title='bbox 351 1183 426 1234; x_wconf 71' lang='lat' dir='ltr'><strong>lenus</strong></span> <span class='ocrx_word' id='word_1_36' title='bbox 444 1184 474 1234; x_wconf 89' lang='lat' dir='ltr'><strong>L.</strong></span> <span class='ocrx_word' id='word_1_37' title='bbox 493 1185 513 1234; x_wconf 83' lang='lat' dir='ltr'><strong>i.</strong></span> <span class='ocrx_word' id='word_1_38' title='bbox 533 1185 588 1236; x_wconf 90' lang='lat' dir='ltr'><strong>Ste.</strong></span> <span class='ocrx_word' id='word_1_39' title='bbox 606 1186 655 1250; x_wconf 89' lang='lat' dir='ltr'><strong>leg.</strong></span> <span class='ocrx_word' id='word_1_40' title='bbox 669 1186 697 1236; x_wconf 88' lang='lat'><strong>11</strong></span> <span class='ocrx_word' id='word_1_41' title='bbox 715 1187 832 1252; x_wconf 85' lang='lat' dir='ltr'><strong>signifer.</strong></span> 
     </span>
    </p>
   </div>
   <div class='ocr_carea' id='block_1_5' title="bbox 333 1273 1659 2679">
    <p class='ocr_par' dir='ltr' id='par_1_5' title="bbox 437 1273 1659 1354">
     <span class='ocr_line' id='line_1_7' title="bbox 437 1273 1659 1354; baseline -0.002 -22"><span class='ocrx_word' id='word_1_42' title='bbox 437 1273 505 1334; x_wconf 81' lang='lat'><strong>28*.</strong></span> <span class='ocrx_word' id='word_1_43' title='bbox 538 1275 579 1332; x_wconf 88' lang='lat' dir='ltr'><strong>M.</strong></span> <span class='ocrx_word' id='word_1_44' title='bbox 596 1275 738 1334; x_wconf 81' lang='lat' dir='ltr'>Aurelius</span> <span class='ocrx_word' id='word_1_45' title='bbox 753 1276 956 1354; x_wconf 86' lang='lat' dir='ltr'><strong>Aphrodisius</strong></span> <span class='ocrx_word' id='word_1_46' title='bbox 972 1281 1060 1354; x_wconf 84' lang='lat' dir='ltr'><strong>sign,</strong></span> <span class='ocrx_word' id='word_1_47' title='bbox 1083 1295 1117 1328; x_wconf 80' lang='lat' dir='ltr'><strong>sc</strong></span> <span class='ocrx_word' id='word_1_48' title='bbox 1135 1277 1249 1329; x_wconf 83' lang='lat' dir='ltr'><strong>cohortis</strong></span> <span class='ocrx_word' id='word_1_49' title='bbox 1261 1278 1316 1330; x_wconf 83' lang='lat' dir='ltr'><strong>VII</strong></span> <span class='ocrx_word' id='word_1_50' title='bbox 1334 1278 1451 1342; x_wconf 80' lang='lat' dir='ltr'><strong>vigilum,</strong></span> <span class='ocrx_word' id='word_1_51' title='bbox 1472 1277 1659 1340; x_wconf 67' lang='lat' dir='ltr'><strong>Remiserunt</strong></span> 
     </span>
    </p>

    <p class='ocr_par' dir='ltr' id='par_1_6' title="bbox 333 1375 1658 1960">
     <span class='ocr_line' id='line_1_8' title="bbox 333 1375 1390 1444; baseline 0 -14"><span class='ocrx_word' id='word_1_52' title='bbox 333 1379 471 1444; x_wconf 88' lang='lat' dir='ltr'><strong>-Septimii</strong></span> <span class='ocrx_word' id='word_1_53' title='bbox 490 1380 587 1432; x_wconf 86' lang='lat' dir='ltr'><strong>Severi.</strong></span> <span class='ocrx_word' id='word_1_54' title='bbox 626 1381 748 1432; x_wconf 84' lang='lat' dir='ltr'><strong>Kellerm.</strong></span> <span class='ocrx_word' id='word_1_55' title='bbox 765 1384 778 1430; x_wconf 97' lang='lat'>1</span> <span class='ocrx_word' id='word_1_56' title='bbox 794 1375 967 1432; x_wconf 77' lang='lat' dir='ltr'><strong>=VI742·.</strong></span> <span class='ocrx_word' id='word_1_57' title='bbox 1005 1380 1107 1431; x_wconf 80' lang='lat' dir='ltr'><strong>Titulus</strong></span> <span class='ocrx_word' id='word_1_58' title='bbox 1125 1395 1142 1430; x_wconf 82' lang='lat' dir='ltr'><strong>s</strong></span> <span class='ocrx_word' id='word_1_59' title='bbox 1160 1380 1254 1432; x_wconf 75' lang='lat' dir='ltr'><strong>Roscio</strong></span> <span class='ocrx_word' id='word_1_60' title='bbox 1273 1381 1390 1430; x_wconf 81' lang='lat' dir='ltr'><strong>reiectus.</strong></span> 
     </span>
     <span class='ocr_line' id='line_1_9' title="bbox 351 1469 1658 1549; baseline 0.001 -20"><span class='ocrx_word' id='word_1_61' title='bbox 351 1469 468 1544; x_wconf 81' lang='lat' dir='ltr'>Quodsi</span> <span class='ocrx_word' id='word_1_62' title='bbox 491 1471 580 1548; x_wconf 87' lang='lat' dir='ltr'><strong>sigua</strong></span> <span class='ocrx_word' id='word_1_63' title='bbox 600 1472 801 1530; x_wconf 86' lang='lat' dir='ltr'><strong>centuriarum</strong></span> <span class='ocrx_word' id='word_1_64' title='bbox 823 1473 904 1548; x_wconf 89' lang='lat' dir='ltr'><strong>apud</strong></span> <span class='ocrx_word' id='word_1_65' title='bbox 925 1472 1032 1549; x_wconf 85' lang='lat' dir='ltr'><strong>vigiles</strong></span> <span class='ocrx_word' id='word_1_66' title='bbox 1047 1491 1067 1530; x_wconf 89' lang='lat' dir='ltr'><strong>a</strong></span> <span class='ocrx_word' id='word_1_67' title='bbox 1082 1470 1258 1544; x_wconf 75' lang='lat' dir='ltr'><strong>vexillariis,</strong></span> <span class='ocrx_word' id='word_1_68' title='bbox 1281 1472 1311 1529; x_wconf 91' lang='lat' dir='ltr'><strong>in</strong></span> <span class='ocrx_word' id='word_1_69' title='bbox 1330 1471 1484 1546; x_wconf 85' lang='lat' dir='ltr'><strong>praetorio</strong></span> <span class='ocrx_word' id='word_1_70' title='bbox 1502 1490 1522 1528; x_wconf 85' lang='lat' dir='ltr'><strong>a</strong></span> <span class='ocrx_word' id='word_1_71' title='bbox 1536 1471 1658 1549; x_wconf 81' lang='lat' dir='ltr'><strong>signiferis</strong></span> 
     </span>
     <span class='ocr_line' id='line_1_10' title="bbox 350 1573 1657 1652; baseline 0 -22"><span class='ocrx_word' id='word_1_72' title='bbox 350 1573 537 1648; x_wconf 82' lang='lat' dir='ltr'>gerebantur,</span> <span class='ocrx_word' id='word_1_73' title='bbox 564 1573 634 1632; x_wconf 88' lang='lat' dir='ltr'><strong>inde</strong></span> <span class='ocrx_word' id='word_1_74' title='bbox 659 1575 760 1650; x_wconf 86' lang='lat' dir='ltr'><strong>colligi</strong></span> <span class='ocrx_word' id='word_1_75' title='bbox 786 1583 886 1651; x_wconf 90' lang='lat' dir='ltr'><strong>potest</strong></span> <span class='ocrx_word' id='word_1_76' title='bbox 912 1574 1086 1652; x_wconf 90' lang='lat' dir='ltr'><strong>dignitatem</strong></span> <span class='ocrx_word' id='word_1_77' title='bbox 1112 1573 1248 1652; x_wconf 77' lang='lat' dir='ltr'><strong>signiferi</strong></span> <span class='ocrx_word' id='word_1_78' title='bbox 1270 1573 1456 1650; x_wconf 88' lang='lat' dir='ltr'><strong>superiorem</strong></span> <span class='ocrx_word' id='word_1_79' title='bbox 1478 1573 1572 1634; x_wconf 85' lang='lat' dir='ltr'><strong>fuisse</strong></span> <span class='ocrx_word' id='word_1_80' title='bbox 1591 1593 1657 1650; x_wconf 85' lang='lat' dir='ltr'><strong>quau</strong></span> 
     </span>
     <span class='ocr_line' id='line_1_11' title="bbox 349 1674 1657 1754; baseline 0.001 -23"><span class='ocrx_word' id='word_1_81' title='bbox 349 1674 508 1734; x_wconf 83' lang='lat' dir='ltr'><strong>vexillarii.</strong></span> <span class='ocrx_word' id='word_1_82' title='bbox 544 1675 663 1734; x_wconf 79' lang='lat' dir='ltr'><strong>Erravit</strong></span> <span class='ocrx_word' id='word_1_83' title='bbox 684 1678 775 1754; x_wconf 86' lang='lat' dir='ltr'><strong>igitur</strong></span> <span class='ocrx_word' id='word_1_84' title='bbox 797 1676 1021 1753; x_wconf 86' lang='lat' dir='ltr'><strong>Merquardtius</strong></span> <span class='ocrx_word' id='word_1_85' title='bbox 1044 1677 1086 1754; x_wconf 89' lang='lat' dir='ltr'><strong>(p.</strong></span> <span class='ocrx_word' id='word_1_86' title='bbox 1104 1675 1190 1752; x_wconf 78' lang='lat' dir='ltr'><strong>ott),</strong></span> <span class='ocrx_word' id='word_1_87' title='bbox 1212 1677 1262 1753; x_wconf 93' lang='lat' dir='ltr'><strong>qui</strong></span> <span class='ocrx_word' id='word_1_88' title='bbox 1283 1685 1371 1754; x_wconf 88' lang='lat' dir='ltr'><strong>putat</strong></span> <span class='ocrx_word' id='word_1_89' title='bbox 1392 1677 1474 1754; x_wconf 87' lang='lat' dir='ltr'><strong>apud</strong></span> <span class='ocrx_word' id='word_1_90' title='bbox 1492 1675 1657 1752; x_wconf 82' lang='lat' dir='ltr'><strong>equitessin·</strong></span> 
     </span>
     <span class='ocr_line' id='line_1_12' title="bbox 349 1777 1657 1857; baseline 0 -23"><span class='ocrx_word' id='word_1_91' title='bbox 349 1777 469 1854; x_wconf 86' lang='lat' dir='ltr'><strong>gulares</strong></span> <span class='ocrx_word' id='word_1_92' title='bbox 494 1777 653 1856; x_wconf 80' lang='lat' dir='ltr'><strong>signiferos</strong></span> <span class='ocrx_word' id='word_1_93' title='bbox 676 1780 763 1856; x_wconf 89' lang='lat' dir='ltr'><strong>signa</strong></span> <span class='ocrx_word' id='word_1_94' title='bbox 784 1788 957 1853; x_wconf 89' lang='lat' dir='ltr'><strong>turmarum,</strong></span> <span class='ocrx_word' id='word_1_95' title='bbox 981 1778 1170 1838; x_wconf 86' lang='lat' dir='ltr'><strong>vexillarium</strong></span> <span class='ocrx_word' id='word_1_96' title='bbox 1185 1779 1251 1837; x_wconf 88' lang='lat' dir='ltr'><strong>alae</strong></span> <span class='ocrx_word' id='word_1_97' title='bbox 1266 1779 1415 1857; x_wconf 82' lang='lat' dir='ltr'><strong>gessisse3</strong></span> <span class='ocrx_word' id='word_1_98' title='bbox 1437 1797 1535 1855; x_wconf 89' lang='lat' dir='ltr'><strong>nsque</strong></span> <span class='ocrx_word' id='word_1_99' title='bbox 1549 1777 1657 1835; x_wconf 81' lang='lat' dir='ltr'><strong>hacsola</strong></span> 
     </span>
     <span class='ocr_line' id='line_1_13' title="bbox 349 1880 1656 1960; baseline -0.002 -24"><span class='ocrx_word' id='word_1_100' title='bbox 349 1899 381 1938; x_wconf 90' lang='lat' dir='ltr'><strong>re</strong></span> <span class='ocrx_word' id='word_1_101' title='bbox 397 1880 509 1940; x_wconf 84' lang='lat' dir='ltr'><strong>erravit</strong></span> <span class='ocrx_word' id='word_1_102' title='bbox 523 1881 575 1940; x_wconf 90' lang='lat' dir='ltr'><strong>sed</strong></span> <span class='ocrx_word' id='word_1_103' title='bbox 592 1883 681 1940; x_wconf 86' lang='lat' dir='ltr'><strong>etism</strong></span> <span class='ocrx_word' id='word_1_104' title='bbox 697 1901 742 1952; x_wconf 90' lang='lat' dir='ltr'><strong>eo,</strong></span> <span class='ocrx_word' id='word_1_105' title='bbox 758 1883 839 1960; x_wconf 90' lang='lat' dir='ltr'><strong>quod</strong></span> <span class='ocrx_word' id='word_1_106' title='bbox 854 1882 933 1941; x_wconf 85' lang='lat' dir='ltr'><strong>ulam</strong></span> <span class='ocrx_word' id='word_1_107' title='bbox 948 1883 1079 1958; x_wconf 90' lang='lat' dir='ltr'><strong>equitum</strong></span> <span class='ocrx_word' id='word_1_108' title='bbox 1095 1880 1290 1958; x_wconf 76' lang='lat' dir='ltr'><strong>singularium</strong></span> <span class='ocrx_word' id='word_1_109' title='bbox 1303 1881 1385 1953; x_wconf 85' lang='lat' dir='ltr'><strong>dicit,</strong></span> <span class='ocrx_word' id='word_1_110' title='bbox 1400 1882 1453 1958; x_wconf 90' lang='lat' dir='ltr'><strong>qui</strong></span> <span class='ocrx_word' id='word_1_111' title='bbox 1464 1881 1523 1940; x_wconf 90' lang='lat' dir='ltr'><strong>fuit</strong></span> <span class='ocrx_word' id='word_1_112' title='bbox 1533 1898 1656 1940; x_wconf 86' lang='lat' dir='ltr'><strong>numerus.</strong></span> 
     </span>
    </p>

    <p class='ocr_par' dir='ltr' id='par_1_7' title="bbox 350 1980 1655 2165">
     <span class='ocr_line' id='line_1_14' title="bbox 432 1980 1655 2063; baseline -0.001 -24"><span class='ocrx_word' id='word_1_113' title='bbox 432 1981 474 2040; x_wconf 94' lang='grc' dir='ltr'><strong>ΙΙ.</strong></span> <span class='ocrx_word' id='word_1_114' title='bbox 510 1980 579 2057; x_wconf 79' lang='lat' dir='ltr'><strong>Quo</strong></span> <span class='ocrx_word' id='word_1_115' title='bbox 602 1983 691 2044; x_wconf 90' lang='lat' dir='ltr'><strong>modo</strong></span> <span class='ocrx_word' id='word_1_116' title='bbox 714 1985 795 2063; x_wconf 88' lang='lat' dir='ltr'><strong>apud</strong></span> <span class='ocrx_word' id='word_1_117' title='bbox 817 1985 924 2063; x_wconf 84' lang='lat' dir='ltr'><strong>vigiles</strong></span> <span class='ocrx_word' id='word_1_118' title='bbox 948 1984 1096 2043; x_wconf 77' lang='lat' dir='ltr'><strong>vexillarii</strong></span> <span class='ocrx_word' id='word_1_119' title='bbox 1117 1983 1221 2044; x_wconf 90' lang='lat' dir='ltr'><strong>eodem</strong></span> <span class='ocrx_word' id='word_1_120' title='bbox 1243 1985 1273 2043; x_wconf 94' lang='lat' dir='ltr'><strong>in</strong></span> <span class='ocrx_word' id='word_1_121' title='bbox 1296 1983 1447 2060; x_wconf 88' lang='lat' dir='ltr'><strong>praetorio</strong></span> <span class='ocrx_word' id='word_1_122' title='bbox 1470 1983 1600 2060; x_wconf 87' lang='lat' dir='ltr'><strong>signiferi</strong></span> <span class='ocrx_word' id='word_1_123' title='bbox 1612 1983 1655 2040; x_wconf 89' lang='lat' dir='ltr'><strong>sin·</strong></span> 
     </span>
     <span class='ocr_line' id='line_1_15' title="bbox 350 2083 1177 2165; baseline 0 -21"><span class='ocrx_word' id='word_1_124' title='bbox 350 2083 412 2162; x_wconf 89' lang='lat' dir='ltr'><strong>guli</strong></span> <span class='ocrx_word' id='word_1_125' title='bbox 434 2085 560 2163; x_wconf 88' lang='lat' dir='ltr'><strong>singulis</strong></span> <span class='ocrx_word' id='word_1_126' title='bbox 582 2087 726 2146; x_wconf 88' lang='lat' dir='ltr'><strong>centuriis</strong></span> <span class='ocrx_word' id='word_1_127' title='bbox 748 2087 892 2165; x_wconf 80' lang='lat' dir='ltr'><strong>adscripti</strong></span> <span class='ocrx_word' id='word_1_128' title='bbox 914 2087 1009 2146; x_wconf 86' lang='lat' dir='ltr'><strong>fuisse</strong></span> <span class='ocrx_word' id='word_1_129' title='bbox 1031 2085 1177 2144; x_wconf 88' lang='lat' dir='ltr'><strong>videntur.</strong></span> 
     </span>
    </p>

    <p class='ocr_par' dir='ltr' id='par_1_8' title="bbox 347 2187 1655 2679">
     <span class='ocr_line' id='line_1_16' title="bbox 431 2187 1655 2266; baseline 0 -21"><span class='ocrx_word' id='word_1_130' title='bbox 431 2187 472 2246; x_wconf 85' lang='lat' dir='ltr'><strong>Et</strong></span> <span class='ocrx_word' id='word_1_131' title='bbox 491 2189 629 2248; x_wconf 84' lang='lat' dir='ltr'><strong>laterculi</strong></span> <span class='ocrx_word' id='word_1_132' title='bbox 651 2189 772 2266; x_wconf 88' lang='lat' dir='ltr'><strong>quidem</strong></span> <span class='ocrx_word' id='word_1_133' title='bbox 794 2189 920 2248; x_wconf 87' lang='lat' dir='ltr'><strong>militum</strong></span> <span class='ocrx_word' id='word_1_134' title='bbox 941 2190 1209 2266; x_wconf 90' lang='lat' dir='ltr'><strong>praetorianorum,</strong></span> <span class='ocrx_word' id='word_1_135' title='bbox 1231 2191 1262 2248; x_wconf 90' lang='lat' dir='ltr'><strong>in</strong></span> <span class='ocrx_word' id='word_1_136' title='bbox 1284 2189 1392 2266; x_wconf 92' lang='lat' dir='ltr'><strong>quihus</strong></span> <span class='ocrx_word' id='word_1_137' title='bbox 1414 2189 1526 2249; x_wconf 86' lang='lat' dir='ltr'><strong>milites</strong></span> <span class='ocrx_word' id='word_1_138' title='bbox 1545 2207 1655 2248; x_wconf 86' lang='lat' dir='ltr'><strong>nonom-</strong></span> 
     </span>
     <span class='ocr_line' id='line_1_17' title="bbox 348 2291 1654 2370; baseline 0.001 -23"><span class='ocrx_word' id='word_1_139' title='bbox 348 2307 401 2348; x_wconf 88' lang='lat' dir='ltr'><strong>nes</strong></span> <span class='ocrx_word' id='word_1_140' title='bbox 422 2291 489 2363; x_wconf 90' lang='lat' dir='ltr'><strong>sed,</strong></span> <span class='ocrx_word' id='word_1_141' title='bbox 521 2291 572 2368; x_wconf 90' lang='lat' dir='ltr'><strong>qui</strong></span> <span class='ocrx_word' id='word_1_142' title='bbox 599 2311 658 2350; x_wconf 92' lang='lat' dir='ltr'><strong>uno</strong></span> <span class='ocrx_word' id='word_1_143' title='bbox 681 2293 810 2370; x_wconf 89' lang='lat' dir='ltr'><strong>quodam</strong></span> <span class='ocrx_word' id='word_1_144' title='bbox 833 2311 911 2350; x_wconf 87' lang='lat' dir='ltr'><strong>anno</strong></span> <span class='ocrx_word' id='word_1_145' title='bbox 933 2292 982 2352; x_wconf 84' lang='lat' dir='ltr'><strong>vel</strong></span> <span class='ocrx_word' id='word_1_146' title='bbox 1004 2293 1124 2351; x_wconf 90' lang='lat' dir='ltr'><strong>biennio</strong></span> <span class='ocrx_word' id='word_1_147' title='bbox 1146 2293 1215 2351; x_wconf 85' lang='lat' dir='ltr'><strong>fecti</strong></span> <span class='ocrx_word' id='word_1_148' title='bbox 1238 2293 1312 2363; x_wconf 91' lang='lat' dir='ltr'><strong>sint,</strong></span> <span class='ocrx_word' id='word_1_149' title='bbox 1344 2301 1562 2362; x_wconf 83' lang='lat' dir='ltr'><strong>enumerentur,</strong></span> <span class='ocrx_word' id='word_1_150' title='bbox 1587 2291 1654 2368; x_wconf 84' lang='lat' dir='ltr'><strong>psuci</strong></span> 
     </span>
     <span class='ocr_line' id='line_1_18' title="bbox 347 2393 1653 2472; baseline 0.002 -22"><span class='ocrx_word' id='word_1_151' title='bbox 347 2403 470 2452; x_wconf 87' lang='lat' dir='ltr'><strong>exstant</strong></span> <span class='ocrx_word' id='word_1_152' title='bbox 490 2413 526 2453; x_wconf 90' lang='lat' dir='ltr'><strong>ac</strong></span> <span class='ocrx_word' id='word_1_153' title='bbox 546 2413 584 2453; x_wconf 89' lang='lat' dir='ltr'><strong>ne</strong></span> <span class='ocrx_word' id='word_1_154' title='bbox 606 2395 633 2452; x_wconf 91' lang='lat' dir='ltr'><strong>ei</strong></span> <span class='ocrx_word' id='word_1_155' title='bbox 655 2395 776 2471; x_wconf 86' lang='lat' dir='ltr'><strong>quidem</strong></span> <span class='ocrx_word' id='word_1_156' title='bbox 796 2395 913 2472; x_wconf 88' lang='lat' dir='ltr'><strong>integri.</strong></span> <span class='ocrx_word' id='word_1_157' title='bbox 963 2393 1022 2468; x_wconf 84' lang='lat' dir='ltr'><strong>Qui</strong></span> <span class='ocrx_word' id='word_1_158' title='bbox 1048 2413 1228 2471; x_wconf 84' lang='lat' dir='ltr'><strong>quamquam</strong></span> <span class='ocrx_word' id='word_1_159' title='bbox 1250 2413 1310 2452; x_wconf 90' lang='lat' dir='ltr'><strong>non</strong></span> <span class='ocrx_word' id='word_1_160' title='bbox 1333 2403 1394 2452; x_wconf 87' lang='lat' dir='ltr'><strong>tam</strong></span> <span class='ocrx_word' id='word_1_161' title='bbox 1416 2395 1561 2472; x_wconf 87' lang='lat' dir='ltr'><strong>amplum,</strong></span> <span class='ocrx_word' id='word_1_162' title='bbox 1585 2413 1653 2471; x_wconf 85' lang='lat' dir='ltr'><strong>quam</strong></span> 
     </span>
     <span class='ocr_line' id='line_1_19' title="bbox 347 2496 1653 2576; baseline 0.001 -23"><span class='ocrx_word' id='word_1_163' title='bbox 347 2514 408 2572; x_wconf 87' lang='lat' dir='ltr'><strong>quo</strong></span> <span class='ocrx_word' id='word_1_164' title='bbox 431 2496 461 2554; x_wconf 89' lang='lat' dir='ltr'><strong>iu</strong></span> <span class='ocrx_word' id='word_1_165' title='bbox 484 2496 623 2576; x_wconf 88' lang='lat' dir='ltr'><strong>vigilibus</strong></span> <span class='ocrx_word' id='word_1_166' title='bbox 645 2497 687 2556; x_wconf 92' lang='lat' dir='ltr'><strong>uti</strong></span> <span class='ocrx_word' id='word_1_167' title='bbox 710 2499 876 2574; x_wconf 90' lang='lat' dir='ltr'><strong>potuimus,</strong></span> <span class='ocrx_word' id='word_1_168' title='bbox 904 2507 1002 2556; x_wconf 88' lang='lat' dir='ltr'><strong>tamen</strong></span> <span class='ocrx_word' id='word_1_169' title='bbox 1028 2497 1152 2574; x_wconf 86' lang='lat' dir='ltr'><strong>aliquod</strong></span> <span class='ocrx_word' id='word_1_170' title='bbox 1178 2497 1444 2574; x_wconf 78' lang='lat' dir='ltr'><strong>argumentationis</strong></span> <span class='ocrx_word' id='word_1_171' title='bbox 1467 2509 1584 2558; x_wconf 89' lang='lat' dir='ltr'><strong>nostrae</strong></span> <span class='ocrx_word' id='word_1_172' title='bbox 1602 2497 1653 2556; x_wconf 86' lang='lat' dir='ltr'><strong>sub</strong></span> 
     </span>
     <span class='ocr_line' id='line_1_20' title="bbox 347 2598 1212 2679; baseline 0.001 -23"><span class='ocrx_word' id='word_1_173' title='bbox 347 2598 457 2658; x_wconf 89' lang='lat' dir='ltr'><strong>sidium</strong></span> <span class='ocrx_word' id='word_1_174' title='bbox 479 2601 631 2678; x_wconf 89' lang='lat' dir='ltr'><strong>praebent.</strong></span> <span class='ocrx_word' id='word_1_175' title='bbox 675 2601 712 2660; x_wconf 92' lang='lat' dir='ltr'><strong>In</strong></span> <span class='ocrx_word' id='word_1_176' title='bbox 734 2601 777 2661; x_wconf 90' lang='lat' dir='ltr'><strong>eis</strong></span> <span class='ocrx_word' id='word_1_177' title='bbox 799 2599 935 2679; x_wconf 84' lang='lat' dir='ltr'><strong>signiferi</strong></span> <span class='ocrx_word' id='word_1_178' title='bbox 957 2601 1145 2676; x_wconf 90' lang='lat' dir='ltr'><strong>reperiuntur</strong></span> <span class='ocrx_word' id='word_1_179' title='bbox 1166 2601 1212 2657; x_wconf 90' lang='lat' dir='ltr'><strong>hi:</strong></span> 
     </span>
    </p>
   </div>
   <div class='ocr_carea' id='block_1_6' title="bbox 410 2700 1499 2842">
    <p class='ocr_par' dir='ltr' id='par_1_9' title="bbox 410 2700 1499 2842">
     <span class='ocr_line' id='line_1_21' title="bbox 410 2700 1499 2840; baseline -0.003 -79"><span class='ocrx_word' id='word_1_180' title='bbox 410 2700 459 2761; x_wconf 71' lang='lat'><strong>29.</strong></span> <span class='ocrx_word' id='word_1_181' title='bbox 496 2703 571 2780; x_wconf 88' lang='lat' dir='ltr'><strong>sign.</strong></span> <span class='ocrx_word' id='word_1_182' title='bbox 595 2703 634 2762; x_wconf 90' lang='lat' dir='ltr'><strong>M.</strong></span> <span class='ocrx_word' id='word_1_183' title='bbox 658 2703 806 2763; x_wconf 84' lang='lat' dir='ltr'><strong>Aebutius</strong></span> <span class='ocrx_word' id='word_1_184' title='bbox 821 2703 921 2763; x_wconf 87' lang='lat' dir='ltr'><strong>Verus</strong></span> <span class='ocrx_word' id='word_1_185' title='bbox 939 2703 1016 2778; x_wconf 85' lang='lat' dir='ltr'><strong>Aug.</strong></span> <span class='ocrx_word' id='word_1_186' title='bbox 1034 2701 1139 2775; x_wconf 78' lang='lat' dir='ltr'><strong>Taur,</strong></span> <span class='ocrx_word' id='word_1_187' title='bbox 1161 2704 1218 2754; x_wconf 84' lang='lat' dir='ltr'><strong>coh·</strong></span> <span class='ocrx_word' id='word_1_188' title='bbox 1232 2703 1499 2840; x_wconf 55' lang='lat' dir='ltr'><strong>flpr²01}100¹¹t¹³ri⁸</strong></span> 
     </span>
     <span class='ocr_line' id='line_1_22' title="bbox 1384 2790 1462 2842; baseline 0.038 -3"><span class='ocrx_word' id='word_1_189' title='bbox 1384 2790 1462 2842; x_wconf 86' lang='lat' dir='ltr'><strong>acidi.</strong></span> 
     </span>
    </p>
   </div>
   <div class='ocr_carea' id='block_1_7' title="bbox 410 2877 1644 3018">
    <p class='ocr_par' dir='ltr' id='par_1_10' title="bbox 410 2877 1644 3018">
     <span class='ocr_line' id='line_1_23' title="bbox 410 2877 1499 2958; baseline -0.004 -20"><span class='ocrx_word' id='word_1_190' title='bbox 410 2879 460 2939; x_wconf 90' lang='grc'><strong>30.</strong></span> <span class='ocrx_word' id='word_1_191' title='bbox 493 2898 573 2938; x_wconf 78' lang='lat' dir='ltr'><strong>enoc.</strong></span> <span class='ocrx_word' id='word_1_192' title='bbox 597 2899 635 2938; x_wconf 84' lang='lat' dir='ltr'><strong>ex</strong></span> <span class='ocrx_word' id='word_1_193' title='bbox 658 2880 713 2958; x_wconf 89' lang='lat' dir='ltr'><strong>sig.</strong></span> <span class='ocrx_word' id='word_1_194' title='bbox 736 2879 778 2940; x_wconf 88' lang='lat' dir='ltr'><strong>M.</strong></span> <span class='ocrx_word' id='word_1_195' title='bbox 801 2880 914 2939; x_wconf 88' lang='lat' dir='ltr'><strong>Atilius</strong></span> <span class='ocrx_word' id='word_1_196' title='bbox 937 2877 1099 2940; x_wconf 88' lang='lat' dir='ltr'><strong>Successus</strong></span> <span class='ocrx_word' id='word_1_197' title='bbox 1115 2878 1229 2951; x_wconf 85' lang='lat' dir='ltr'><strong>Tiburi,</strong></span> <span class='ocrx_word' id='word_1_198' title='bbox 1253 2880 1361 2943; x_wconf 74' lang='lat' dir='ltr'><strong>colun,</strong></span> <span class='ocrx_word' id='word_1_199' title='bbox 1382 2884 1499 2934; x_wconf 84' lang='lat' dir='ltr'><strong>centuria</strong></span> 
     </span>
     <span class='ocr_line' id='line_1_24' title="bbox 1312 2945 1644 3018; baseline 0.009 -4"><span class='ocrx_word' id='word_1_200' title='bbox 1312 2965 1463 3018; x_wconf 86' lang='lat' dir='ltr'><strong>Clementis.</strong></span> <span class='ocrx_word' id='word_1_201' title='bbox 1535 2947 1590 2997; x_wconf 73' lang='lat'><strong>143·</strong></span> <span class='ocrx_word' id='word_1_202' title='bbox 1600 2945 1644 2994; x_wconf 63' lang='lat'><strong>¹44³</strong></span> 
     </span>
    </p>
   </div>
   <div class='ocr_carea' id='block_1_8' title="bbox 408 3053 1498 4013">
    <p class='ocr_par' dir='ltr' id='par_1_11' title="bbox 409 3053 1498 3338">
     <span class='ocr_line' id='line_1_25' title="bbox 410 3053 1498 3134; baseline -0.004 -21"><span class='ocrx_word' id='word_1_203' title='bbox 410 3057 458 3113; x_wconf 89' lang='lat'><strong>31.</strong></span> <span class='ocrx_word' id='word_1_204' title='bbox 494 3057 550 3134; x_wconf 87' lang='lat' dir='ltr'><strong>sig.</strong></span> <span class='ocrx_word' id='word_1_205' title='bbox 563 3057 603 3115; x_wconf 92' lang='lat' dir='ltr'><strong>M.</strong></span> <span class='ocrx_word' id='word_1_206' title='bbox 617 3055 771 3116; x_wconf 82' lang='lat' dir='ltr'><strong>Publicius</strong></span> <span class='ocrx_word' id='word_1_207' title='bbox 783 3057 931 3116; x_wconf 87' lang='lat' dir='ltr'><strong>Proculus</strong></span> <span class='ocrx_word' id='word_1_208' title='bbox 943 3053 1094 3128; x_wconf 82' lang='lat' dir='ltr'><strong>Cremon,</strong></span> <span class='ocrx_word' id='word_1_209' title='bbox 1106 3057 1162 3108; x_wconf 91' lang='lat' dir='ltr'><strong>coh.</strong></span> <span class='ocrx_word' id='word_1_210' title='bbox 1169 3057 1235 3118; x_wconf 88' lang='lat'><strong>1111,</strong></span> <span class='ocrx_word' id='word_1_211' title='bbox 1247 3059 1362 3108; x_wconf 80' lang='lat' dir='ltr'><strong>centuria</strong></span> <span class='ocrx_word' id='word_1_212' title='bbox 1372 3057 1498 3109; x_wconf 76' lang='lat' dir='ltr'><strong>Potestis.</strong></span> 
     </span>
     <span class='ocr_line' id='line_1_26' title="bbox 410 3155 1497 3236; baseline -0.002 -21"><span class='ocrx_word' id='word_1_213' title='bbox 410 3157 459 3216; x_wconf 77' lang='lat'><strong>32.</strong></span> <span class='ocrx_word' id='word_1_214' title='bbox 493 3159 548 3235; x_wconf 91' lang='lat' dir='ltr'><strong>sig.</strong></span> <span class='ocrx_word' id='word_1_215' title='bbox 572 3158 607 3218; x_wconf 89' lang='lat' dir='ltr'><strong>P.</strong></span> <span class='ocrx_word' id='word_1_216' title='bbox 632 3155 775 3218; x_wconf 89' lang='lat' dir='ltr'><strong>Senecius</strong></span> <span class='ocrx_word' id='word_1_217' title='bbox 792 3161 987 3236; x_wconf 86' lang='lat' dir='ltr'><strong>Apronianus</strong></span> <span class='ocrx_word' id='word_1_218' title='bbox 1010 3159 1130 3232; x_wconf 90' lang='lat' dir='ltr'><strong>Parma,</strong></span> <span class='ocrx_word' id='word_1_219' title='bbox 1154 3159 1286 3222; x_wconf 83' lang='lat' dir='ltr'><strong>coh-IIII,</strong></span> <span class='ocrx_word' id='word_1_220' title='bbox 1301 3161 1497 3212; x_wconf 81' lang='lat' dir='ltr'><strong>centuriaveri.</strong></span> 
     </span>
     <span class='ocr_line' id='line_1_27' title="bbox 409 3259 1177 3338; baseline -0.008 -20"><span class='ocrx_word' id='word_1_221' title='bbox 409 3259 458 3318; x_wconf 87' lang='lat'><strong>33.</strong></span> <span class='ocrx_word' id='word_1_222' title='bbox 493 3261 570 3338; x_wconf 91' lang='lat' dir='ltr'><strong>sign.</strong></span> <span class='ocrx_word' id='word_1_223' title='bbox 585 3261 621 3320; x_wconf 89' lang='lat' dir='ltr'><strong>L.</strong></span> <span class='ocrx_word' id='word_1_224' title='bbox 637 3261 782 3320; x_wconf 90' lang='lat' dir='ltr'><strong>Aemilius</strong></span> <span class='ocrx_word' id='word_1_225' title='bbox 797 3262 903 3322; x_wconf 83' lang='lat' dir='ltr'><strong>Victor</strong></span> <span class='ocrx_word' id='word_1_226' title='bbox 916 3261 1059 3334; x_wconf 88' lang='lat' dir='ltr'><strong>Venusia,</strong></span> <span class='ocrx_word' id='word_1_227' title='bbox 1075 3263 1132 3313; x_wconf 85' lang='lat' dir='ltr'><strong>coh.</strong></span> <span class='ocrx_word' id='word_1_228' title='bbox 1144 3265 1177 3314; x_wconf 88' lang='lat' dir='ltr'><strong>V.</strong></span> 
     </span>
    </p>

    <p class='ocr_par' dir='ltr' id='par_1_12' title="bbox 408 3361 1485 4013">
     <span class='ocr_line' id='line_1_28' title="bbox 409 3361 1485 3441; baseline -0.005 -20"><span class='ocrx_word' id='word_1_229' title='bbox 409 3363 457 3421; x_wconf 78' lang='lat'><strong>34.</strong></span> <span class='ocrx_word' id='word_1_230' title='bbox 491 3363 568 3439; x_wconf 88' lang='lat' dir='ltr'><strong>sign.</strong></span> <span class='ocrx_word' id='word_1_231' title='bbox 593 3361 626 3423; x_wconf 83' lang='lat' dir='ltr'><strong>O.</strong></span> <span class='ocrx_word' id='word_1_232' title='bbox 650 3363 797 3441; x_wconf 86' lang='lat' dir='ltr'><strong>Egnatius</strong></span> <span class='ocrx_word' id='word_1_233' title='bbox 820 3364 965 3440; x_wconf 88' lang='lat' dir='ltr'><strong>Agricola</strong></span> <span class='ocrx_word' id='word_1_234' title='bbox 987 3363 1115 3436; x_wconf 80' lang='lat' dir='ltr'><strong>Bonon,</strong></span> <span class='ocrx_word' id='word_1_235' title='bbox 1137 3366 1195 3416; x_wconf 89' lang='lat' dir='ltr'><strong>coh.</strong></span> <span class='ocrx_word' id='word_1_236' title='bbox 1207 3367 1238 3427; x_wconf 87' lang='lat' dir='ltr'><strong>V,</strong></span> <span class='ocrx_word' id='word_1_237' title='bbox 1260 3367 1375 3415; x_wconf 82' lang='lat' dir='ltr'><strong>centurie</strong></span> <span class='ocrx_word' id='word_1_238' title='bbox 1393 3365 1485 3416; x_wconf 82' lang='lat' dir='ltr'><strong>Firmi.</strong></span> 
     </span>
     <span class='ocr_line' id='line_1_29' title="bbox 409 3463 1403 3544; baseline -0.003 -21"><span class='ocrx_word' id='word_1_239' title='bbox 409 3465 457 3524; x_wconf 91' lang='lat'><strong>35.</strong></span> <span class='ocrx_word' id='word_1_240' title='bbox 492 3465 548 3542; x_wconf 89' lang='lat' dir='ltr'><strong>sig.</strong></span> <span class='ocrx_word' id='word_1_241' title='bbox 571 3464 607 3524; x_wconf 89' lang='lat' dir='ltr'><strong>L.</strong></span> <span class='ocrx_word' id='word_1_242' title='bbox 631 3463 756 3526; x_wconf 88' lang='lat' dir='ltr'><strong>Laelius</strong></span> <span class='ocrx_word' id='word_1_243' title='bbox 778 3465 880 3544; x_wconf 88' lang='lat' dir='ltr'><strong>Nepos</strong></span> <span class='ocrx_word' id='word_1_244' title='bbox 897 3465 1037 3538; x_wconf 84' lang='lat' dir='ltr'><strong>vercell,</strong></span> <span class='ocrx_word' id='word_1_245' title='bbox 1059 3468 1136 3518; x_wconf 81' lang='lat' dir='ltr'><strong>coh?</strong></span> <span class='ocrx_word' id='word_1_246' title='bbox 1155 3469 1270 3518; x_wconf 87' lang='lat' dir='ltr'><strong>centuria</strong></span> <span class='ocrx_word' id='word_1_247' title='bbox 1288 3467 1403 3518; x_wconf 82' lang='lat' dir='ltr'><strong>ledami.</strong></span> 
     </span>
     <span class='ocr_line' id='line_1_30' title="bbox 408 3567 1416 4013; baseline -0.003 -387"><span class='ocrx_word' id='word_1_248' title='bbox 408 3567 456 3626; x_wconf 89' lang='lat'><strong>36.</strong></span> <span class='ocrx_word' id='word_1_249' title='bbox 491 3569 546 3646; x_wconf 89' lang='lat' dir='ltr'><strong>sig.</strong></span> <span class='ocrx_word' id='word_1_250' title='bbox 570 3569 605 3629; x_wconf 88' lang='lat' dir='ltr'><strong>T.</strong></span> <span class='ocrx_word' id='word_1_251' title='bbox 629 3569 786 3646; x_wconf 88' lang='lat' dir='ltr'><strong>M[a]roius</strong></span> <span class='ocrx_word' id='word_1_252' title='bbox 809 3569 929 3628; x_wconf 88' lang='lat' dir='ltr'><strong>Firmus</strong></span> <span class='ocrx_word' id='word_1_253' title='bbox 952 3567 1063 3642; x_wconf 84' lang='lat' dir='ltr'><strong>Celeia,</strong></span> <span class='ocrx_word' id='word_1_254' title='bbox 1086 3571 1202 3620; x_wconf 80' lang='lat' dir='ltr'><strong>centuria</strong></span> <span class='ocrx_word' id='word_1_255' title='bbox 1221 3569 1329 3620; x_wconf 83' lang='lat' dir='ltr'><strong>comici.</strong></span> <span class='ocrx_word' id='word_1_256' title='bbox 1398 3601 1416 4013; x_wconf 66' lang='lat' dir='ltr'>J</span> 
     </span>
    </p>
   </div>
   <div class='ocr_carea' id='block_1_9' title="bbox 1525 2853 1683 2965">
    <p class='ocr_par' dir='ltr' id='par_1_13' title="bbox 1525 2853 1683 2965">
     <span class='ocr_line' id='line_1_31' title="bbox 1525 2853 1683 2965; baseline -0.019 -61"><span class='ocrx_word' id='word_1_257' title='bbox 1525 2853 1650 2918; x_wconf 73' lang='lat' dir='ltr'><strong>mulspf.</strong></span> <span class='ocrx_word' id='word_1_258' title='bbox 1682 2905 1683 2965; x_wconf 33' lang='lat' dir='ltr'><strong>p</strong></span> 
     </span>
    </p>
   </div>
   <div class='ocr_carea' id='block_1_10' title="bbox 1559 3225 1682 3368">
    <p class='ocr_par' dir='ltr' id='par_1_14' title="bbox 1559 3225 1682 3368">
     <span class='ocr_line' id='line_1_32' title="bbox 1559 3225 1682 3282; baseline -0.041 -6"><span class='ocrx_word' id='word_1_259' title='bbox 1559 3225 1586 3276; x_wconf 81' lang='lat' dir='ltr'><strong>C.</strong></span> <span class='ocrx_word' id='word_1_260' title='bbox 1597 3225 1632 3282; x_wconf 77' lang='lat' dir='ltr'><strong>Vl,</strong></span> <span class='ocrx_word' id='word_1_261' title='bbox 1681 3239 1682 3244; x_wconf 53' lang='lat'>¹</span> 
     </span>
     <span class='ocr_line' id='line_1_33' title="bbox 1559 3317 1624 3368; baseline -0.062 0"><span class='ocrx_word' id='word_1_262' title='bbox 1559 3317 1624 3368; x_wconf 66' lang='lat'><strong>2³19.</strong></span> 
     </span>
    </p>
   </div>
   <div class='ocr_carea' id='block_1_11' title="bbox 341 3669 1678 5482">
    <p class='ocr_par' dir='ltr' id='par_1_15' title="bbox 408 3669 1391 3748">
     <span class='ocr_line' id='line_1_34' title="bbox 408 3669 1391 3748; baseline -0.004 -20"><span class='ocrx_word' id='word_1_263' title='bbox 408 3671 456 3728; x_wconf 83' lang='lat'><strong>37.</strong></span> <span class='ocrx_word' id='word_1_264' title='bbox 490 3673 546 3748; x_wconf 92' lang='lat' dir='ltr'><strong>sig.</strong></span> <span class='ocrx_word' id='word_1_265' title='bbox 570 3670 610 3728; x_wconf 95' lang='lat' dir='ltr'><strong>M.</strong></span> <span class='ocrx_word' id='word_1_266' title='bbox 632 3669 769 3747; x_wconf 91' lang='lat' dir='ltr'><strong>Ul[p]ius</strong></span> <span class='ocrx_word' id='word_1_267' title='bbox 793 3673 911 3732; x_wconf 85' lang='lat' dir='ltr'><strong>Marsus</strong></span> <span class='ocrx_word' id='word_1_268' title='bbox 936 3669 1127 3746; x_wconf 82' lang='lat' dir='ltr'><strong>Csess(rea),</strong></span> <span class='ocrx_word' id='word_1_269' title='bbox 1151 3671 1265 3721; x_wconf 78' lang='lat' dir='ltr'><strong>centuria</strong></span> <span class='ocrx_word' id='word_1_270' title='bbox 1284 3671 1391 3723; x_wconf 81' lang='lat' dir='ltr'><strong>Sosatis.</strong></span> 
     </span>
    </p>

    <p class='ocr_par' dir='ltr' id='par_1_16' title="bbox 406 3769 1119 3849">
     <span class='ocr_line' id='line_1_35' title="bbox 406 3769 1119 3849; baseline -0.01 -19"><span class='ocrx_word' id='word_1_271' title='bbox 406 3771 456 3831; x_wconf 87' lang='lat'><strong>38.</strong></span> <span class='ocrx_word' id='word_1_272' title='bbox 489 3773 546 3849; x_wconf 83' lang='lat' dir='ltr'><strong>sig.</strong></span> <span class='ocrx_word' id='word_1_273' title='bbox 570 3769 604 3831; x_wconf 85' lang='lat' dir='ltr'><strong>C.</strong></span> <span class='ocrx_word' id='word_1_274' title='bbox 628 3771 735 3844; x_wconf 86' lang='lat' dir='ltr'><strong>Iulius,</strong></span> <span class='ocrx_word' id='word_1_275' title='bbox 759 3777 872 3826; x_wconf 83' lang='lat' dir='ltr'><strong>centuria</strong></span> <span class='ocrx_word' id='word_1_276' title='bbox 887 3777 983 3826; x_wconf 89' lang='lat' dir='ltr'><strong>Aemili</strong></span> <span class='ocrx_word' id='word_1_277' title='bbox 993 3776 1119 3825; x_wconf 90' lang='lat' dir='ltr'><strong>Valentis.</strong></span> 
     </span>
    </p>

    <p class='ocr_par' dir='ltr' id='par_1_17' title="bbox 407 3873 1132 3953">
     <span class='ocr_line' id='line_1_36' title="bbox 407 3873 1132 3953; baseline -0.01 -22"><span class='ocrx_word' id='word_1_278' title='bbox 407 3873 456 3933; x_wconf 88' lang='grc'><strong>39.</strong></span> <span class='ocrx_word' id='word_1_279' title='bbox 491 3876 546 3953; x_wconf 83' lang='lat' dir='ltr'><strong>sig.</strong></span> <span class='ocrx_word' id='word_1_280' title='bbox 571 3873 606 3934; x_wconf 83' lang='lat' dir='ltr'><strong>C.</strong></span> <span class='ocrx_word' id='word_1_281' title='bbox 628 3873 726 3934; x_wconf 82' lang='lat' dir='ltr'><strong>Iulius</strong></span> <span class='ocrx_word' id='word_1_282' title='bbox 749 3875 909 3951; x_wconf 82' lang='lat' dir='ltr'><strong>Hllnr[us],</strong></span> <span class='ocrx_word' id='word_1_283' title='bbox 931 3878 1045 3928; x_wconf 85' lang='lat' dir='ltr'><strong>centuria</strong></span> <span class='ocrx_word' id='word_1_284' title='bbox 1063 3876 1132 3927; x_wconf 90' lang='lat' dir='ltr'><strong>Iulii.</strong></span> 
     </span>
    </p>

    <p class='ocr_par' dir='ltr' id='par_1_18' title="bbox 406 3975 1287 4055">
     <span class='ocr_line' id='line_1_37' title="bbox 406 3975 1287 4055; baseline -0.01 -22"><span class='ocrx_word' id='word_1_285' title='bbox 406 3976 455 4034; x_wconf 76' lang='lat'><strong>⁴10.</strong></span> <span class='ocrx_word' id='word_1_286' title='bbox 488 3977 544 4055; x_wconf 82' lang='lat' dir='ltr'><strong>sig.</strong></span> <span class='ocrx_word' id='word_1_287' title='bbox 568 3977 602 4036; x_wconf 88' lang='lat' dir='ltr'><strong>P.</strong></span> <span class='ocrx_word' id='word_1_288' title='bbox 625 3977 787 4036; x_wconf 83' lang='lat' dir='ltr'><strong>Petronius</strong></span> <span class='ocrx_word' id='word_1_289' title='bbox 810 3978 855 4036; x_wconf 91' lang='lat' dir='ltr'><strong>Im</strong></span> <span class='ocrx_word' id='word_1_290' title='bbox 868 4021 960 4049; x_wconf 85' lang='lat'><strong>.....</strong></span> <span class='ocrx_word' id='word_1_291' title='bbox 982 3979 1097 4029; x_wconf 86' lang='lat' dir='ltr'><strong>centuria</strong></span> <span class='ocrx_word' id='word_1_292' title='bbox 1115 3977 1216 4027; x_wconf 86' lang='lat' dir='ltr'><strong>Munati</strong></span> <span class='ocrx_word' id='word_1_293' title='bbox 1236 3975 1287 4026; x_wconf 85' lang='lat' dir='ltr'><strong>Pii.</strong></span> 
     </span>
    </p>

    <p class='ocr_par' dir='ltr' id='par_1_19' title="bbox 342 4078 1678 4632">
     <span class='ocr_line' id='line_1_38' title="bbox 406 4078 1033 4154; baseline -0.003 -20"><span class='ocrx_word' id='word_1_294' title='bbox 406 4079 456 4135; x_wconf 81' lang='lat'><strong>41.</strong></span> <span class='ocrx_word' id='word_1_295' title='bbox 490 4079 547 4154; x_wconf 91' lang='lat' dir='ltr'><strong>sig.</strong></span> <span class='ocrx_word' id='word_1_296' title='bbox 570 4079 606 4138; x_wconf 89' lang='grc' dir='ltr'><strong>Τ.</strong></span> <span class='ocrx_word' id='word_1_297' title='bbox 629 4079 721 4140; x_wconf 87' lang='lat' dir='ltr'><strong>anu.</strong></span> <span class='ocrx_word' id='word_1_298' title='bbox 745 4078 845 4142; x_wconf 83' lang='lat' dir='ltr'><strong>Seuer.</strong></span> <span class='ocrx_word' id='word_1_299' title='bbox 889 4083 937 4144; x_wconf 85' lang='lat' dir='ltr'><strong>VI,</strong></span> <span class='ocrx_word' id='word_1_300' title='bbox 953 4083 1033 4132; x_wconf 74' lang='lat'><strong>2400.</strong></span> 
     </span>
     <span class='ocr_line' id='line_1_39' title="bbox 344 4173 1643 4258; baseline -0.005 -19"><span class='ocrx_word' id='word_1_301' title='bbox 344 4177 493 4252; x_wconf 84' lang='lat' dir='ltr'><strong>Quoniam</strong></span> <span class='ocrx_word' id='word_1_302' title='bbox 516 4181 547 4238; x_wconf 89' lang='lat' dir='ltr'><strong>iu</strong></span> <span class='ocrx_word' id='word_1_303' title='bbox 569 4182 685 4242; x_wconf 88' lang='lat' dir='ltr'><strong>duabus</strong></span> <span class='ocrx_word' id='word_1_304' title='bbox 716 4184 889 4242; x_wconf 87' lang='lat' dir='ltr'><strong>cohortibus</strong></span> <span class='ocrx_word' id='word_1_305' title='bbox 913 4182 1001 4257; x_wconf 92' lang='lat' dir='ltr'><strong>(IIII.</strong></span> <span class='ocrx_word' id='word_1_306' title='bbox 1018 4182 1060 4258; x_wconf 90' lang='lat' dir='ltr'><strong>V)</strong></span> <span class='ocrx_word' id='word_1_307' title='bbox 1087 4179 1147 4238; x_wconf 93' lang='lat' dir='ltr'><strong>bini</strong></span> <span class='ocrx_word' id='word_1_308' title='bbox 1176 4180 1309 4257; x_wconf 81' lang='lat' dir='ltr'><strong>signiferi</strong></span> <span class='ocrx_word' id='word_1_309' title='bbox 1337 4188 1600 4246; x_wconf 83' lang='lat' dir='ltr'><strong>commemorantur,</strong></span> <span class='ocrx_word' id='word_1_310' title='bbox 1623 4173 1643 4229; x_wconf 78' lang='lat' dir='ltr'><strong>ci</strong></span> 
     </span>
     <span class='ocr_line' id='line_1_40' title="bbox 343 4277 1642 4362; baseline -0.003 -23"><span class='ocrx_word' id='word_1_311' title='bbox 343 4301 402 4340; x_wconf 92' lang='lat' dir='ltr'><strong>non</strong></span> <span class='ocrx_word' id='word_1_312' title='bbox 435 4301 539 4343; x_wconf 89' lang='lat' dir='ltr'><strong>omnes</strong></span> <span class='ocrx_word' id='word_1_313' title='bbox 571 4286 659 4362; x_wconf 88' lang='lat' dir='ltr'><strong>signa</strong></span> <span class='ocrx_word' id='word_1_314' title='bbox 688 4287 853 4345; x_wconf 86' lang='lat' dir='ltr'><strong>cohortium</strong></span> <span class='ocrx_word' id='word_1_315' title='bbox 887 4285 940 4344; x_wconf 85' lang='lat' dir='ltr'><strong>sed</strong></span> <span class='ocrx_word' id='word_1_316' title='bbox 971 4292 1022 4342; x_wconf 89' lang='lat' dir='ltr'><strong>aut</strong></span> <span class='ocrx_word' id='word_1_317' title='bbox 1052 4301 1157 4342; x_wconf 91' lang='lat' dir='ltr'><strong>omnes</strong></span> <span class='ocrx_word' id='word_1_318' title='bbox 1191 4293 1243 4342; x_wconf 92' lang='lat' dir='ltr'><strong>aut</strong></span> <span class='ocrx_word' id='word_1_319' title='bbox 1272 4281 1410 4342; x_wconf 90' lang='lat' dir='ltr'><strong>nonnulli</strong></span> <span class='ocrx_word' id='word_1_320' title='bbox 1442 4303 1481 4340; x_wconf 85' lang='lat' dir='ltr'><strong>ex</strong></span> <span class='ocrx_word' id='word_1_321' title='bbox 1508 4281 1548 4340; x_wconf 89' lang='lat' dir='ltr'><strong>eis</strong></span> <span class='ocrx_word' id='word_1_322' title='bbox 1576 4277 1642 4354; x_wconf 80' lang='lat' dir='ltr'><strong>signs</strong></span> 
     </span>
     <span class='ocr_line' id='line_1_41' title="bbox 343 4363 1678 4466; baseline -0.006 -24"><span class='ocrx_word' id='word_1_323' title='bbox 343 4385 542 4445; x_wconf 90' lang='lat' dir='ltr'><strong>centuriarum</strong></span> <span class='ocrx_word' id='word_1_324' title='bbox 564 4389 697 4464; x_wconf 82' lang='lat' dir='ltr'><strong>gessisse</strong></span> <span class='ocrx_word' id='word_1_325' title='bbox 718 4389 843 4466; x_wconf 89' lang='lat' dir='ltr'><strong>putandi</strong></span> <span class='ocrx_word' id='word_1_326' title='bbox 865 4396 944 4447; x_wconf 91' lang='lat' dir='ltr'><strong>sunt.</strong></span> <span class='ocrx_word' id='word_1_327' title='bbox 987 4386 1057 4445; x_wconf 90' lang='lat' dir='ltr'><strong>Hue</strong></span> <span class='ocrx_word' id='word_1_328' title='bbox 1079 4387 1224 4445; x_wconf 87' lang='lat' dir='ltr'><strong>accedunt</strong></span> <span class='ocrx_word' id='word_1_329' title='bbox 1245 4386 1305 4443; x_wconf 92' lang='lat' dir='ltr'><strong>duo</strong></span> <span class='ocrx_word' id='word_1_330' title='bbox 1327 4385 1481 4462; x_wconf 86' lang='lat' dir='ltr'><strong>exempla,</strong></span> <span class='ocrx_word' id='word_1_331' title='bbox 1507 4385 1533 4442; x_wconf 86' lang='lat' dir='ltr'><strong>in</strong></span> <span class='ocrx_word' id='word_1_332' title='bbox 1556 4380 1642 4456; x_wconf 85' lang='lat' dir='ltr'><strong>quibus</strong></span> <span class='ocrx_word' id='word_1_333' title='bbox 1677 4363 1678 4380; x_wconf 50' lang='lat'>¹</span> 
     </span>
     <span class='ocr_line' id='line_1_42' title="bbox 342 4487 1288 4569; baseline -0.001 -25"><span class='ocrx_word' id='word_1_334' title='bbox 342 4487 442 4564; x_wconf 91' lang='lat' dir='ltr'><strong>ipsum</strong></span> <span class='ocrx_word' id='word_1_335' title='bbox 465 4509 571 4550; x_wconf 91' lang='lat' dir='ltr'><strong>munus</strong></span> <span class='ocrx_word' id='word_1_336' title='bbox 595 4491 728 4569; x_wconf 81' lang='lat' dir='ltr'><strong>signiferi</strong></span> <span class='ocrx_word' id='word_1_337' title='bbox 751 4491 789 4549; x_wconf 86' lang='lat' dir='ltr'><strong>ud</strong></span> <span class='ocrx_word' id='word_1_338' title='bbox 811 4492 941 4567; x_wconf 82' lang='lat' dir='ltr'><strong>aliquam</strong></span> <span class='ocrx_word' id='word_1_339' title='bbox 964 4489 1127 4548; x_wconf 88' lang='lat' dir='ltr'><strong>centuriam</strong></span> <span class='ocrx_word' id='word_1_340' title='bbox 1149 4487 1288 4546; x_wconf 90' lang='lat' dir='ltr'><strong>refertur:</strong></span> 
     </span>
    </p>

    <p class='ocr_par' dir='ltr' id='par_1_20' title="bbox 342 4581 1677 4975">
     <span class='ocr_line' id='line_1_43' title="bbox 426 4581 1677 4669; baseline -0.007 -22"><span class='ocrx_word' id='word_1_341' title='bbox 426 4590 476 4650; x_wconf 76' lang='lat'><strong>42.</strong></span> <span class='ocrx_word' id='word_1_342' title='bbox 508 4591 545 4650; x_wconf 90' lang='lat' dir='ltr'><strong>L.</strong></span> <span class='ocrx_word' id='word_1_343' title='bbox 572 4593 718 4669; x_wconf 89' lang='lat' dir='ltr'><strong>Pompeio</strong></span> <span class='ocrx_word' id='word_1_344' title='bbox 744 4592 779 4651; x_wconf 88' lang='lat' dir='ltr'><strong>L.</strong></span> <span class='ocrx_word' id='word_1_345' title='bbox 807 4593 826 4650; x_wconf 88' lang='lat' dir='ltr'><strong>f.</strong></span> <span class='ocrx_word' id='word_1_346' title='bbox 854 4592 1045 4669; x_wconf 85' lang='lat' dir='ltr'><strong>Porn(ptino)</strong></span> <span class='ocrx_word' id='word_1_347' title='bbox 1074 4591 1210 4650; x_wconf 88' lang='lat' dir='ltr'><strong>Reburro</strong></span> <span class='ocrx_word' id='word_1_348' title='bbox 1236 4589 1346 4662; x_wconf 84' lang='lat' dir='ltr'><strong>Fabro,</strong></span> <span class='ocrx_word' id='word_1_349' title='bbox 1377 4587 1510 4669; x_wconf 89' lang='lat' dir='ltr'><strong>Gigurro</strong></span> <span class='ocrx_word' id='word_1_350' title='bbox 1531 4581 1641 4645; x_wconf 84' lang='lat' dir='ltr'><strong>Calubri·</strong></span> <span class='ocrx_word' id='word_1_351' title='bbox 1676 4649 1677 4652; x_wconf 7' lang='grc' dir='ltr'><strong>Ἴ</strong></span> 
     </span>
     <span class='ocr_line' id='line_1_44' title="bbox 342 4683 1639 4772; baseline -0.007 -21"><span class='ocrx_word' id='word_1_352' title='bbox 342 4693 468 4772; x_wconf 88' lang='lat' dir='ltr'><strong>gen(si),</strong></span> <span class='ocrx_word' id='word_1_353' title='bbox 490 4695 617 4772; x_wconf 85' lang='lat' dir='ltr'><strong>probato</strong></span> <span class='ocrx_word' id='word_1_354' title='bbox 638 4697 669 4755; x_wconf 94' lang='lat' dir='ltr'><strong>in</strong></span> <span class='ocrx_word' id='word_1_355' title='bbox 691 4697 756 4754; x_wconf 90' lang='lat' dir='ltr'><strong>coh.</strong></span> <span class='ocrx_word' id='word_1_356' title='bbox 774 4694 834 4753; x_wconf 90' lang='lat' dir='ltr'><strong>Vll</strong></span> <span class='ocrx_word' id='word_1_357' title='bbox 856 4716 902 4772; x_wconf 91' lang='lat' dir='ltr'><strong>pr.</strong></span> <span class='ocrx_word' id='word_1_358' title='bbox 924 4695 1113 4754; x_wconf 86' lang='lat' dir='ltr'><strong>beneficiario</strong></span> <span class='ocrx_word' id='word_1_359' title='bbox 1134 4693 1255 4766; x_wconf 92' lang='lat' dir='ltr'><strong>tribuni,</strong></span> <span class='ocrx_word' id='word_1_360' title='bbox 1278 4693 1439 4752; x_wconf 88' lang='lat' dir='ltr'><strong>tesserario</strong></span> <span class='ocrx_word' id='word_1_361' title='bbox 1453 4693 1483 4751; x_wconf 92' lang='lat' dir='ltr'><strong>in</strong></span> <span class='ocrx_word' id='word_1_362' title='bbox 1499 4683 1639 4770; x_wconf 84' lang='lat' dir='ltr'><strong>(centuria).</strong></span> 
     </span>
     <span class='ocr_line' id='line_1_45' title="bbox 343 4795 1638 4874; baseline -0.004 -22"><span class='ocrx_word' id='word_1_363' title='bbox 343 4795 457 4870; x_wconf 92' lang='lat' dir='ltr'><strong>optioni</strong></span> <span class='ocrx_word' id='word_1_364' title='bbox 478 4796 509 4854; x_wconf 93' lang='lat' dir='ltr'><strong>in</strong></span> <span class='ocrx_word' id='word_1_365' title='bbox 533 4796 704 4873; x_wconf 89' lang='lat' dir='ltr'><strong>(centuria),</strong></span> <span class='ocrx_word' id='word_1_366' title='bbox 727 4797 870 4874; x_wconf 88' lang='lat' dir='ltr'><strong>signifero</strong></span> <span class='ocrx_word' id='word_1_367' title='bbox 893 4799 923 4856; x_wconf 94' lang='lat' dir='ltr'><strong>in</strong></span> <span class='ocrx_word' id='word_1_368' title='bbox 945 4797 1118 4874; x_wconf 82' lang='lat' dir='ltr'><strong>(centuria),</strong></span> <span class='ocrx_word' id='word_1_369' title='bbox 1140 4796 1206 4854; x_wconf 86' lang='lat' dir='ltr'><strong>fisci</strong></span> <span class='ocrx_word' id='word_1_370' title='bbox 1226 4795 1365 4866; x_wconf 89' lang='lat' dir='ltr'><strong>curatori,</strong></span> <span class='ocrx_word' id='word_1_371' title='bbox 1388 4814 1469 4854; x_wconf 87' lang='lat' dir='ltr'><strong>eoru.</strong></span> <span class='ocrx_word' id='word_1_372' title='bbox 1487 4795 1556 4864; x_wconf 82' lang='lat' dir='ltr'><strong>trib,</strong></span> <span class='ocrx_word' id='word_1_373' title='bbox 1576 4805 1638 4848; x_wconf 74' lang='lat' dir='ltr'><strong>esoc-</strong></span> 
     </span>
     <span class='ocr_line' id='line_1_46' title="bbox 342 4899 1006 4975; baseline -0.009 -19"><span class='ocrx_word' id='word_1_374' title='bbox 342 4901 423 4975; x_wconf 84' lang='lat' dir='ltr'><strong>Aug.</strong></span> <span class='ocrx_word' id='word_1_375' title='bbox 467 4899 657 4964; x_wconf 85' lang='lat' dir='ltr'><strong>Compostellae</strong></span> <span class='ocrx_word' id='word_1_376' title='bbox 676 4903 703 4951; x_wconf 93' lang='lat' dir='ltr'><strong>in</strong></span> <span class='ocrx_word' id='word_1_377' title='bbox 723 4903 838 4952; x_wconf 86' lang='lat' dir='ltr'><strong>Asturis.</strong></span> <span class='ocrx_word' id='word_1_378' title='bbox 876 4901 1006 4962; x_wconf 81' lang='lat'><strong>11,2610.</strong></span> 
     </span>
    </p>

    <p class='ocr_par' dir='ltr' id='par_1_21' title="bbox 341 4983 1637 5482">
     <span class='ocr_line' id='line_1_47' title="bbox 425 4983 1637 5071; baseline -0.002 -22"><span class='ocrx_word' id='word_1_379' title='bbox 425 4991 475 5050; x_wconf 84' lang='lat'><strong>43.</strong></span> <span class='ocrx_word' id='word_1_380' title='bbox 508 4990 549 5049; x_wconf 88' lang='lat' dir='ltr'><strong>M.</strong></span> <span class='ocrx_word' id='word_1_381' title='bbox 569 4991 678 5068; x_wconf 93' lang='lat' dir='ltr'><strong>Ulpius</strong></span> <span class='ocrx_word' id='word_1_382' title='bbox 703 4993 851 5071; x_wconf 89' lang='lat' dir='ltr'><strong>ingenuus</strong></span> <span class='ocrx_word' id='word_1_383' title='bbox 874 4991 974 5069; x_wconf 87' lang='lat' dir='ltr'><strong>signif.</strong></span> <span class='ocrx_word' id='word_1_384' title='bbox 997 4993 1062 5049; x_wconf 87' lang='lat' dir='ltr'><strong>colr.</strong></span> <span class='ocrx_word' id='word_1_385' title='bbox 1078 4991 1137 5050; x_wconf 91' lang='lat' dir='ltr'><strong>Vll</strong></span> <span class='ocrx_word' id='word_1_386' title='bbox 1160 5009 1204 5067; x_wconf 91' lang='lat' dir='ltr'><strong>pr.</strong></span> <span class='ocrx_word' id='word_1_387' title='bbox 1229 4991 1390 5068; x_wconf 83' lang='lat' dir='ltr'><strong>(centuria)</strong></span> <span class='ocrx_word' id='word_1_388' title='bbox 1405 4992 1493 5068; x_wconf 86' lang='lat' dir='ltr'><strong>Appi.</strong></span> <span class='ocrx_word' id='word_1_389' title='bbox 1522 4983 1637 5050; x_wconf 60' lang='lat' dir='ltr'><strong>viuere</strong></span> 
     </span>
     <span class='ocr_line' id='line_1_48' title="bbox 341 5087 1636 5172; baseline -0.005 -20"><span class='ocrx_word' id='word_1_390' title='bbox 341 5095 485 5154; x_wconf 85' lang='lat' dir='ltr'><strong>Attamen</strong></span> <span class='ocrx_word' id='word_1_391' title='bbox 508 5094 650 5170; x_wconf 88' lang='lat' dir='ltr'><strong>quoniam</strong></span> <span class='ocrx_word' id='word_1_392' title='bbox 672 5095 794 5153; x_wconf 91' lang='lat' dir='ltr'><strong>dubium</strong></span> <span class='ocrx_word' id='word_1_393' title='bbox 817 5113 875 5152; x_wconf 92' lang='lat' dir='ltr'><strong>non</strong></span> <span class='ocrx_word' id='word_1_394' title='bbox 898 5101 952 5166; x_wconf 88' lang='lat' dir='ltr'><strong>est,</strong></span> <span class='ocrx_word' id='word_1_395' title='bbox 975 5095 1157 5171; x_wconf 86' lang='lat' dir='ltr'><strong>quinetiam</strong></span> <span class='ocrx_word' id='word_1_396' title='bbox 1179 5095 1316 5154; x_wconf 89' lang='lat' dir='ltr'><strong>cohortes</strong></span> <span class='ocrx_word' id='word_1_397' title='bbox 1331 5095 1497 5172; x_wconf 86' lang='lat' dir='ltr'><strong>praetoriae</strong></span> <span class='ocrx_word' id='word_1_398' title='bbox 1510 5087 1636 5164; x_wconf 79' lang='lat' dir='ltr'><strong>suasigna</strong></span> 
     </span>
     <span class='ocr_line' id='line_1_49' title="bbox 341 5196 1634 5274; baseline -0.01 -18"><span class='ocrx_word' id='word_1_399' title='bbox 341 5197 508 5268; x_wconf 86' lang='lat' dir='ltr'><strong>habuerint,</strong></span> <span class='ocrx_word' id='word_1_400' title='bbox 531 5196 625 5256; x_wconf 90' lang='lat' dir='ltr'><strong>sicubi</strong></span> <span class='ocrx_word' id='word_1_401' title='bbox 646 5197 779 5273; x_wconf 88' lang='lat' dir='ltr'><strong>signiferi</strong></span> <span class='ocrx_word' id='word_1_402' title='bbox 801 5219 840 5257; x_wconf 85' lang='lat' dir='ltr'><strong>ex</strong></span> <span class='ocrx_word' id='word_1_403' title='bbox 861 5197 1012 5274; x_wconf 86' lang='lat' dir='ltr'><strong>praetorio</strong></span> <span class='ocrx_word' id='word_1_404' title='bbox 1033 5207 1085 5255; x_wconf 83' lang='lat' dir='ltr'><strong>aut</strong></span> <span class='ocrx_word' id='word_1_405' title='bbox 1106 5216 1145 5254; x_wconf 83' lang='lat' dir='ltr'><strong>ex</strong></span> <span class='ocrx_word' id='word_1_406' title='bbox 1167 5197 1271 5274; x_wconf 90' lang='lat' dir='ltr'><strong>aliqua</strong></span> <span class='ocrx_word' id='word_1_407' title='bbox 1292 5197 1414 5256; x_wconf 88' lang='lat' dir='ltr'><strong>cohorte</strong></span> <span class='ocrx_word' id='word_1_408' title='bbox 1435 5205 1634 5256; x_wconf 87' lang='lat' dir='ltr'><strong>commemoran-</strong></span> 
     </span>
     <span class='ocr_line' id='line_1_50' title="bbox 341 5287 1633 5378; baseline -0.01 -20"><span class='ocrx_word' id='word_1_409' title='bbox 341 5308 400 5372; x_wconf 89' lang='lat' dir='ltr'><strong>tur,</strong></span> <span class='ocrx_word' id='word_1_410' title='bbox 422 5299 581 5360; x_wconf 89' lang='lat' dir='ltr'><strong>diiudicari</strong></span> <span class='ocrx_word' id='word_1_411' title='bbox 601 5317 662 5358; x_wconf 91' lang='lat' dir='ltr'><strong>non</strong></span> <span class='ocrx_word' id='word_1_412' title='bbox 684 5309 792 5378; x_wconf 86' lang='lat' dir='ltr'><strong>potest,</strong></span> <span class='ocrx_word' id='word_1_413' title='bbox 814 5307 913 5358; x_wconf 88' lang='lat' dir='ltr'><strong>utrum</strong></span> <span class='ocrx_word' id='word_1_414' title='bbox 935 5299 966 5358; x_wconf 89' lang='lat' dir='ltr'><strong>in</strong></span> <span class='ocrx_word' id='word_1_415' title='bbox 984 5300 1118 5359; x_wconf 80' lang='lat' dir='ltr'><strong>centurie</strong></span> <span class='ocrx_word' id='word_1_416' title='bbox 1134 5318 1172 5358; x_wconf 87' lang='lat' dir='ltr'><strong>an</strong></span> <span class='ocrx_word' id='word_1_417' title='bbox 1186 5299 1216 5358; x_wconf 91' lang='lat' dir='ltr'><strong>in</strong></span> <span class='ocrx_word' id='word_1_418' title='bbox 1232 5299 1354 5360; x_wconf 88' lang='lat' dir='ltr'><strong>cohorte</strong></span> <span class='ocrx_word' id='word_1_419' title='bbox 1368 5301 1426 5360; x_wconf 93' lang='lat' dir='ltr'><strong>hoc</strong></span> <span class='ocrx_word' id='word_1_420' title='bbox 1440 5313 1548 5356; x_wconf 86' lang='lat' dir='ltr'><strong>munere</strong></span> <span class='ocrx_word' id='word_1_421' title='bbox 1561 5287 1633 5350; x_wconf 81' lang='lat' dir='ltr'><strong>functi</strong></span> 
     </span>
     <span class='ocr_line' id='line_1_51' title="bbox 341 5401 901 5482; baseline -0.004 -22"><span class='ocrx_word' id='word_1_422' title='bbox 341 5402 411 5461; x_wconf 90' lang='lat' dir='ltr'><strong>sint.</strong></span> <span class='ocrx_word' id='word_1_423' title='bbox 455 5401 545 5461; x_wconf 87' lang='lat' dir='ltr'><strong>Talia</strong></span> <span class='ocrx_word' id='word_1_424' title='bbox 566 5402 702 5482; x_wconf 87' lang='lat' dir='ltr'><strong>exempla</strong></span> <span class='ocrx_word' id='word_1_425' title='bbox 723 5409 794 5462; x_wconf 90' lang='lat' dir='ltr'><strong>sunt</strong></span> <span class='ocrx_word' id='word_1_426' title='bbox 814 5401 901 5461; x_wconf 83' lang='lat' dir='ltr'><strong>haec:</strong></span> 
     </span>
    </p>
   </div>
   <div class='ocr_carea' id='block_1_12' title="bbox 1453 3697 1680 3947">
    <p class='ocr_par' dir='ltr' id='par_1_22' title="bbox 1453 3697 1680 3965">
     <span class='ocr_line' id='line_1_52' title="bbox 1458 3697 1618 3762; baseline -0.019 -14"><span class='ocrx_word' id='word_1_427' title='bbox 1458 3700 1504 3762; x_wconf 76' lang='lat' dir='ltr'><strong>ru,</strong></span> <span class='ocrx_word' id='word_1_428' title='bbox 1517 3697 1581 3748; x_wconf 76' lang='lat' dir='ltr'><strong>asse</strong></span> <span class='ocrx_word' id='word_1_429' title='bbox 1593 3715 1618 3736; x_wconf 90' lang='lat'>=</span> 
     </span>
     <span class='ocr_line' id='line_1_53' title="bbox 1454 3789 1680 3856; baseline -0.053 -16"><span class='ocrx_word' id='word_1_430' title='bbox 1454 3791 1573 3856; x_wconf 77' lang='lat' dir='ltr'><strong>sputu,</strong></span> <span class='ocrx_word' id='word_1_431' title='bbox 1588 3789 1628 3836; x_wconf 81' lang='lat' dir='ltr'><strong>sur</strong></span> <span class='ocrx_word' id='word_1_432' title='bbox 1679 3819 1680 3828; x_wconf 72' lang='grc'>,</span> 
     </span>
     <span class='ocr_line' id='line_1_54' title="bbox 1453 3881 1626 3947; baseline -0.022 -15"><span class='ocrx_word' id='word_1_433' title='bbox 1453 3899 1478 3947; x_wconf 79' lang='lat' dir='ltr'><strong>p.</strong></span> <span class='ocrx_word' id='word_1_434' title='bbox 1492 3881 1626 3932; x_wconf 71' lang='lat' dir='ltr'><strong>sse-sss.</strong></span> 
     </span>
    </p>
   </div>
   <div class='ocr_carea' id='block_1_13' title="bbox 0 0 1700 5970">
    <p class='ocr_par' dir='ltr' id='par_1_23' title="bbox 0 0 1700 5970">
     <span class='ocr_line' id='line_1_55' title="bbox 0 0 1700 5970; baseline 0 4"><span class='ocrx_word' id='word_1_435' title='bbox 0 0 1700 5970; x_wconf 95' lang='lat' dir='ltr'><strong> </strong></span> 
     </span>
    </p>
   </div>
  </div>
 </body>
</html>
