3448 5970
796 583 1073 634 ADDITAMENTA
1099 583 1182 635 VOL.
1201 585 1246 636 111

353 773 430 831 cart,
454 757 560 817 deinde
581 758 779 835 interroganti
800 759 874 817 mihi
896 759 1052 834 rescripsit
1073 758 1154 818 cerni
1177 775 1273 831 osui,
1296 760 1430 819 ultimam
1451 761 1584 820 litteram
1601 761 1682 818 videri

353 860 446 919 fuisse
468 877 493 917 a.
511 892 549 902 -
577 860 613 919 16
636 860 746 918 ussFtu
767 861 798 919 in
820 881 888 920 aere
911 862 991 920 cerni
1014 861 1172 920 adseverat
1193 865 1327 922 Ancona.
1569 851 1578 866 ⁰

395 960 470 1022 Cum
494 963 525 1020 in
547 962 713 1040 privilegiis
735 982 812 1039 quae
835 965 932 1023 adbuc
953 965 1137 1023 habebamus
1159 965 1215 1022 soli
1237 966 1370 1043 Augusti
1392 967 1594 1037 nominentur,
1620 964 1681 1024 Cae·

353 1083 436 1126 sares
464 1073 563 1124 autem
591 1077 659 1124 ante
682 1065 906 1126 Diocletianum
932 1067 963 1125 in
985 1067 1023 1125 iis
1045 1085 1106 1126 non
1128 1077 1328 1142 compareant,
1350 1069 1420 1127 inde
1441 1069 1548 1145 collegi
1577 1066 1632 1144 (C.
1646 1069 1681 1126 lll

350 1183 380 1244 p.
402 1167 475 1238 9053
503 1167 684 1228 Stactareclt
705 1165 740 1227 2²
771 1188 799 1244 p.
819 1168 912 1244 1106)
940 1170 1029 1228 tertio
1060 1169 1181 1228 saeculo
1211 1167 1356 1230 Caesares
1385 1171 1424 1229 ad
1452 1171 1552 1249 legum
1580 1171 1681 1228 danda·

351 1289 417 1328 rum
443 1272 679 1329 communionem
707 1271 857 1330 admissos
885 1291 946 1330 nou
974 1289 1041 1330 esse
1070 1281 1138 1330 ante
1166 1280 1318 1348 acceptam
1345 1272 1533 1331 tribuniciam
1561 1281 1680 1348 potesta·

351 1381 419 1430 tem.
463 1371 570 1448 Neque
600 1375 677 1431 banc
706 1373 798 1450 legem
829 1375 1035 1451 exceptionem
1063 1374 1161 1433 facere
1187 1373 1337 1450 colligitur
1364 1393 1402 1432 ex
1429 1375 1467 1432 iis
1495 1395 1571 1452 quae
1600 1394 1679 1453 supra

351 1495 380 1552 p.
400 1477 456 1535 181
479 1496 508 1534 n.
526 1475 584 1532 647
613 1477 754 1554 exposui;
782 1475 942 1552 Philippus
974 1478 1051 1535 enim
1074 1475 1187 1536 Caesar
1209 1478 1364 1536 etiamtum
1392 1476 1430 1534 ad
1451 1479 1613 1556 potestatis
1642 1481 1678 1536 tri·

351 1578 489 1637 buniciae
510 1579 746 1637 communionem
768 1579 918 1637 admissus
941 1589 994 1637 est.

393 1679 561 1740 Consulum
585 1681 654 1739 anni
682 1679 741 1740 246
764 1681 853 1758 plena
874 1682 997 1740 nomina
1022 1701 1100 1740 nunc
1123 1683 1240 1740 demum
1262 1683 1467 1756 innotescuut;
1491 1685 1589 1742 adbuc
1614 1688 1675 1743 euin

352 1784 531 1861 cognomina
553 1783 619 1840 sola
641 1801 782 1841 noramus
807 1783 979 1842 Praesentis
1002 1771 1039 1842 et'
1054 1785 1167 1844 Albini.
1205 1785 1340 1843 Priorem
1363 1795 1523 1862 postquam
1542 1787 1672 1846 Mariuiu

352 1887 440 1962 (Arv.
464 1907 493 1963 p.
511 1885 585 1960 697)
607 1885 721 1944 monuit
743 1905 826 1943 mera
846 1887 1019 1944 coniectura
1034 1885 1184 1945 Bruttium
1208 1888 1364 1966 appellari,
1386 1889 1417 1946 id
1438 1908 1547 1948 nomen
1569 1891 1598 1948 ei
1624 1894 1670 1950 sub

350 1998 476 2047 tractum
505 1997 563 2057 est;
591 1988 650 2045 iam
677 2007 748 2046 vero
775 1989 958 2064 intellegitur
984 2007 1054 2048 vere
1082 1990 1228 2066 appellari
1252 1989 1287 2050 C.
1310 1989 1460 2048 Bruttium
1483 1991 1672 2052 Praesentem
1710 1967 1711 2012 i

351 2091 448 2149 Filius
471 2091 497 2147 is
519 2089 575 2147 suit
596 2090 703 2166 opinor
718 2091 851 2148 consulis
867 2091 1054 2169 cognominis
1076 2111 1103 2150 a.
1121 2091 1191 2163 217,
1214 2093 1456 2170 descenduntque
1472 2095 1508 2152 ab
1525 2114 1560 2152 eo
1576 2095 1673 2152 Bruttii

352 2193 531 2252 Praesentes
559 2192 673 2250 saeculi
699 2194 798 2268 quarti
825 2194 887 2251 noti
912 2213 950 2252 ex
978 2195 1074 2252 titulis
1096 2195 1213 2253 duobus
1235 2196 1349 2254 urbano
1372 2196 1488 2254 vol.VI
1509 2218 1538 2255 n.
1555 2196 1635 2257 2153
1654 2207 1674 2254 et

353 2295 475 2355 Lucano
498 2296 522 2353 l.
538 2295 575 2353 R.
592 2293 630 2352 N.
648 2293 705 2352 28*
723 2321 759 2344 =
781 2295 839 2353 vol.
853 2295 881 2353 X
898 2296 1009 2356 utta
1025 2330 1066 2339 -
1089 2295 1244 2374 Collegam
1268 2299 1325 2355 viri
1346 2297 1426 2356 docti
1448 2299 1583 2375 plerique
1606 2302 1674 2375 (ride
1710 2315 1711 2356 3

350 2399 517 2458 Tillemont
539 2398 568 2454 in
585 2397 654 2454 adn.
672 2395 710 2456 68
731 2397 769 2454 ad
786 2395 1017 2456 Constantinum
1034 2399 1074 2474 Ι),
1097 2400 1128 2456 in
1143 2401 1189 2458 bis
1204 2399 1389 2476 Borghesius
1413 2401 1498 2478 (opp.
1515 2403 1533 2460 5
1555 2423 1582 2478 p.
1599 2403 1673 2476 493),

349 2501 556 2558 iudicaverunt
578 2517 644 2558 esse
667 2499 706 2556 M.
726 2498 899 2557 Nummium
920 2501 1063 2560 Albinum
1086 2501 1166 2560 tituli
1189 2502 1296 2560 urbani
1318 2503 1378 2560 vol.
1392 2502 1436 2560 Vl
1458 2523 1486 2560 n.
1505 2504 1593 2574 1748,
1613 2523 1672 2561 nau

350 2622 416 2661 curn
445 2603 493 2660 bic
520 2601 636 2660 dicatur
661 2603 761 2660 consul
783 2603 948 2660 ordinarius
971 2607 1084 2673 iterum,
1112 2604 1211 2662 nullus
1240 2614 1339 2662 autem
1366 2605 1442 2664 alius
1466 2605 1593 2664 Albinus
1613 2605 1672 2663 huic

348 2705 414 2764 loco
441 2713 530 2780 aptus
557 2705 726 2763 iterationis
754 2713 853 2762 notam
882 2705 911 2763 in
934 2706 1021 2764 fastis
1044 2707 1152 2766 habeat
1173 2717 1290 2784 praeter
1312 2727 1378 2766 eum
1402 2707 1453 2783 qui
1473 2707 1571 2766 fasces
1591 2709 1671 2766 tenuit

349 2828 376 2866 a.
394 2807 469 2880 263,
497 2814 528 2865 et
554 2808 633 2866 hunc
661 2807 849 2866 consulatum
877 2807 903 2864 ei
932 2809 1096 2866 tribuerunt
1123 2817 1153 2867 et
1180 2809 1307 2867 alterum
1335 2829 1361 2867 a.
1380 2808 1438 2868 246
1466 2811 1594 2885 priorem
1617 2811 1669 2867 eins
1710 2851 1711 2886 ,

349 2910 533 2969 ordinarium
561 2910 773 2968 iudicaverunt.
817 2909 924 2986 Neque
952 2919 1050 2969 tamen
1077 2913 1179 2987 negari
1204 2918 1321 2987 poterat
1342 2913 1459 2970 titulum
1483 2913 1567 2970 illum
1587 2914 1668 2988 quarti

349 3013 460 3071 saeculi
482 3013 609 3070 formam
631 3013 886 3088 magistratusque
908 3032 980 3088 prae
1003 3029 1036 3069 se
1055 3011 1141 3084 serre,
1163 3013 1192 3070 id
1209 3013 1289 3089 quod
1304 3033 1360 3090 ego
1375 3015 1405 3071 in
1420 3015 1476 3072 hac
1491 3015 1559 3091 epb.
1580 3015 1659 3089 (roll
1710 3005 1711 3092 l

348 3132 378 3189 p.
395 3113 466 3188 135)
490 3114 590 3188 aliquo
612 3114 701 3172 modo
723 3133 867 3172 excusare
890 3124 1013 3174 conatus
1035 3133 1110 3187 sum,
1135 3115 1187 3172 sed
1207 3116 1328 3174 frustra.
1362 3115 1441 3174 Nam
1458 3115 1591 3194 diploma
1605 3115 1662 3192 quod

348 3215 463 3274 edimus
482 3215 538 3272 boc
553 3217 670 3292 quidem
693 3227 779 3274 extra
801 3217 921 3276 dubium
943 3217 1028 3293 pouit
1049 3218 1202 3275 consulem
1218 3218 1359 3276 Albinum
1381 3238 1407 3276 a.
1422 3217 1481 3276 ‘246
1499 3237 1665 3295 nequaquan

350 3317 534 3395 appellatum
561 3337 626 3376 esse
649 3319 688 3377 M.
713 3317 894 3377 Nummium.
940 3318 1001 3379 Sed
1026 3338 1087 3394 quo
1116 3319 1326 3379 nominavere
1352 3321 1455 3391 luerit,
1483 3322 1580 3379 adbuc
1599 3323 1666 3396 igno·

347 3429 440 3492 ratur,
469 3439 537 3478 cum
564 3421 665 3478 tabula
691 3421 810 3479 deficiat
837 3431 867 3479 et
892 3441 928 3479 ne
955 3441 1009 3480 eae
1035 3421 1154 3498 quidem
1178 3441 1254 3498 quae
1277 3431 1437 3499 supersunt
1458 3423 1574 3483 litterae
1594 3423 1666 3498 plane

347 3529 445 3580 certae
473 3522 542 3580 sint.
587 3523 744 3598 Reliquiae
770 3524 900 3582 nominis
926 3539 1000 3582 cata
1022 3523 1134 3582 ducunt
1155 3525 1193 3582 ad
1216 3544 1323 3584 nomen
1345 3525 1434 3602 quale
1456 3534 1504 3584 est
1526 3527 1557 3586 C.
1579 3527 1666 3582 Allius

347 3625 395 3682 vel
421 3625 451 3684 C.
475 3625 609 3684 Albinius
632 3625 770 3694 Albinam
800 3635 907 3683 neutra
933 3634 1031 3684 tamen
1057 3627 1174 3684 familia
1200 3628 1298 3686 adhuc
1324 3629 1404 3704 quod
1431 3633 1525 3688 sciam
1547 3627 1665 3688 innotuit.

346 3727 423 3787 Utut
452 3738 514 3800 est,
541 3729 729 3804 aliquatenus
757 3736 836 3786 certe
864 3737 981 3785 constat
1008 3729 1043 3786 de
1070 3729 1189 3786 nomine
1217 3731 1350 3788 consulis
1377 3731 1482 3789 Albini
1511 3751 1537 3788 a.
1555 3730 1622 3799 tto,
1643 3729 1664 3784 is

347 3841 447 3888 autem
476 3831 527 3907 qui
553 3830 651 3889 fasces
677 3831 782 3888 iterum
810 3831 907 3907 gessit
933 3849 959 3887 a.
976 3828 1033 3887 263
1064 3837 1161 3888 utrum
1183 3831 1261 3888 idem
1285 3831 1374 3889 luerit
1396 3851 1503 3904 necne,
1530 3833 1613 3908 plane
1630 3830 1664 3886 in·

347 3941 458 3991 certum
486 3942 546 4004 est,
575 3951 628 3990 nec
658 3933 815 4009 quicquam
843 3932 879 3990 de
908 3951 944 3988 eo
974 3931 1114 3990 traditum
1144 3933 1287 3991 habemus
1317 3945 1433 4011 praeter
1462 3953 1620 4014 cognomen
1642 3941 1665 3986 et

346 4035 513 4093 iterationis
539 4043 649 4094 uotam.
694 4034 837 4093 Eiusdem
864 4034 969 4092 aetatis
997 4035 1117 4110 estqui
1139 4035 1299 4093 secundum
1322 4037 1499 4096 laterculum
1522 4037 1665 4112 praesecto·

346 4159 412 4196 rum
439 4159 466 4196 a.
484 4137 543 4195 256
570 4138 756 4213 praefectura
784 4137 865 4194 urbis
887 4137 1068 4213 fungebatur
1089 4137 1249 4196 Nummius
1273 4139 1417 4209 Albinus,
1444 4151 1547 4216 aperte
1568 4142 1593 4197 is
1613 4140 1665 4213 ipse

348 4237 490 4300 Ceionius
513 4239 657 4310 Albinus,
687 4239 725 4297 ad
751 4258 839 4315 quem
862 4237 1043 4297 Valerianus
1072 4241 1228 4317 Augustus
1256 4241 1363 4298 dicitur
1388 4241 1579 4317 rescripsisse
1603 4238 1663 4314 (rita
1710 4285 1711 4288 ,

346 4362 371 4400 c.
388 4343 437 4418 9),
468 4361 523 4400 nec
549 4343 683 4401 diversus
711 4361 729 4399 a
754 4351 892 4417 praetore
920 4343 1033 4400 urbano
1059 4343 1099 4400 M.
1128 4341 1272 4400 Nummio
1295 4339 1420 4401 Ceionio
1448 4344 1548 4401 Annio
1568 4341 1662 4401 Albino

348 4445 426 4503 tituli
454 4445 558 4503 urbani
580 4445 638 4502 vol.
653 4445 693 4501 Vl
715 4463 744 4502 n.
761 4445 859 4514 314t3
887 4445 941 4502 sed
967 4464 1055 4522 quem
1076 4444 1179 4502 locum
1202 4445 1229 4502 is
1252 4446 1281 4502 in
1304 4444 1392 4504 fastis
1415 4447 1555 4518 tenuerit,
1581 4443 1660 4501 adbuc

345 4547 528 4624 ignoramus.
545 4580 583 4588 —
606 4547 744 4623 Denique
760 4547 889 4604 Albinus
912 4547 963 4604 ille
985 4547 1092 4604 consul
1114 4547 1283 4605 ordinarius
1304 4547 1412 4606 iterum
1435 4548 1551 4606 saeculo
1571 4553 1660 4622 quarto

346 4669 407 4708 non
428 4649 526 4706 minus
549 4649 692 4707 obscurus
715 4658 776 4719 est;
809 4667 877 4707 nam
905 4649 1005 4706 nullus
1034 4657 1067 4706 ut
1088 4649 1153 4706 dixi
1180 4649 1210 4706 in
1233 4649 1297 4705 eius
1320 4649 1432 4707 saeculi
1455 4651 1541 4709 fastis
1567 4642 1661 4706 inveni-

346 4760 396 4810 tur
423 4751 552 4810 Albinus
579 4751 685 4809 consul
713 4751 882 4809 ordinarius
911 4752 1077 4810 iterationis
1106 4762 1209 4810 notam
1236 4751 1366 4822 habeus,
1400 4771 1497 4830 neque
1523 4753 1658 4828 quisquam

347 4854 444 4913 adhuc
471 4853 687 4912 demonstravit
713 4854 862 4928 quomodo
887 4853 1043 4931 inscriptio
1071 4873 1108 4912 ea
1134 4873 1199 4912 cum
1222 4853 1307 4913 fastis
1327 4863 1408 4914 recte
1430 4855 1600 4914 concilietur.
