3428 5970
294 607 375 680 510
764 623 975 676 rnrvrcnem
1001 624 1161 676 15515111

295 798 410 874 inqua
431 799 620 868 meruissent,
649 797 852 858 demonstravi
876 796 910 858 O.
926 799 950 856 Ι.
966 797 1001 856 L.
1023 799 1083 858 vol.
1100 797 1146 856 lll
1166 818 1195 876 p.
1211 796 1297 873 916),
1320 807 1380 854 1551
1404 817 1443 856 ex
1464 796 1633 854 cohortium

297 901 469 960 nominibus
491 919 568 976 quae
590 901 619 958 in
642 919 711 960 aere
732 910 901 976 supersunt.
938 899 1018 960 Nam
1033 900 1166 976 diploma
1181 919 1206 958 a
1223 899 1280 958 167
1297 897 1500 973 (c.1.1..111
1515 919 1546 976 p.
1557 898 1634 972 888)

295 1002 327 1060 15
343 1004 475 1062 5115551111
490 1005 554 1063 5155
570 1003 742 1080 provinciae
758 1011 786 1060 ct
801 1001 952 1061 Thracum
969 995 1108 1061 cobortes
1123 1009 1184 1060 tres
1199 1012 1364 1066 enumerat,
1380 999 1494 1060 scilieet
1509 1001 1636 1058 IThra—

296 1123 365 1163 cum
389 1104 600 1166 Germanicam
621 1106 730 1164 civium
753 1105 967 1176 Romanorum,
989 1105 1004 1161 I
1026 1106 1196 1181 Augustam
1218 1103 1380 1174 Thracum,
1407 1104 1438 1161 Il
1460 1106 1635 1178 Angustam

296 1207 457 1280 Thracum,
481 1207 1106 1284 515555115151111515555515551151551,
1129 1207 1281 1266 cohortem
1305 1214 1404 1264 autem
1427 1206 1556 1282 primam
1580 1206 1635 1263 mi-

295 1309 411 1368 liariam
434 1311 671 1370 llemesenorum
694 1310 849 1369 nominant
870 1309 1003 1368 eiusdem
1025 1309 1198 1387 provinciae
1220 1309 1299 1366 tituli
1325 1327 1384 1366 non
1409 1308 1497 1382 pauci
1522 1307 1636 1364 5555511

296 1413 375 1470 151111
400 1411 448 1488 (Ο.
465 1413 512 1472 lll
534 1433 561 1472 5.
581 1413 670 1472 6318.
689 1412 779 1470 3331.
796 1411 892 1480 3334;
915 1411 994 1488 Eph.
1014 1411 1105 1488 epigr.
1127 1410 1160 1468 II
1178 1429 1206 1468 5.
1223 1411 1293 1469 595.
1315 1409 1386 1469 596.
1403 1409 1473 1468 598.
1490 1409 1578 1485 600).
1597 1441 1636 1450 -

296 1511 404 1590 Legati
427 1515 491 1572 eius
515 1513 686 1589 provinciae
705 1514 863 1588 Pomponii
887 1513 1065 1590 (cognomep
1086 1511 1250 1587 intercidit)
1273 1512 1346 1570 alibi
1368 1512 1550 1572 mentionem
1574 1531 1638 1569 non

295 1615 407 1674 inveni.

340 1715 400 1778 Sed
422 1737 500 1794 quae
520 1727 675 1796 praeterea
701 1721 731 1776 in
758 1736 826 1776 aere
853 1719 1043 1795 reperiuntur
1064 1736 1130 1776 cum
1152 1727 1206 1774 aut
1226 1716 1363 1794 vulgaria
1385 1714 1485 1792 siutl)
1508 1725 1562 1774 ant
1583 1717 1638 1774 ob·

297 1837 397 1892 scura,
424 1838 540 1880 comma
566 1839 625 1896 quo
652 1819 840 1898 privilegium
868 1821 968 1878 linitur
995 1820 1114 1878 minime
1140 1819 1338 1894 vulgare-est
1362 1838 1418 1877 nee
1438 1819 1574 1878 fortasse
1593 1819 1638 1876 ita

297 1923 472 1994 obscurum,
505 1933 536 1980 ut
566 1923 603 1980 de
635 1922 837 2000 explicatione
863 1921 1082 1996 desperandum
1112 1922 1159 1980 sit.
1208 1918 1329 1982 Scilicet
1357 1939 1425 1979 curn
1451 1921 1637 1998 principium

297 2025 503 2102 dispositionis
534 2025 571 2085 ad
601 2026 724 2083 verbum
753 2025 932 2102 respondeat
958 2023 1123 2101 privilegiis
1157 2023 1196 2081 iis
1227 2041 1304 2099 quae
1331 2023 1509 2101 peregrinae
1533 2022 1640 2080 condi-

296 2127 390 2186 cionis
416 2127 561 2186 militibus
589 2126 825 2204 provincialibus
852 2127 889 2184 ab
915 2145 943 2184 a.
966 2127 1025 2185 154
1051 2125 1118 2186 1555
1146 2125 1386 2186 concedebantur
1407 2123 1456 2200 (0.
1478 2124 1506 2184 1.
1526 2123 1565 2183 L.
1588 2125 1640 2182 llI

296 2249 327 2306 p.
344 2229 429 2306 907),
452 2229 601 2288 clausula:

1063 2429 1231 2493 5511555555

700 2552 952 2596 5555515555
974 2552 1013 2594 ar
1035 2551 1220 2596 55511515

703 2668 710 2695 t
740 2654 876 2698 5555155
908 2654 944 2696 nx
977 2653 1010 2695 se
1042 2653 1230 2698 5505555115

700 2755 907 2798 1551555551

297 2965 377 3006 nunc
396 2946 523 3023 primum
546 2943 679 3020 emergit.
716 2941 823 3020 Neque
844 2944 875 3002 id
895 2963 947 3018 per
963 2961 996 3004 se
1010 2943 1144 3004 offendit.
1179 2942 1259 3004 Nam
1280 2943 1440 3022 privilegia
1462 2943 1638 3004 auxiliariis

296 3047 517 3124 provinciarum
545 3047 690 3105 militibus
712 3063 858 3104 concessa
879 3064 947 3105 cum
969 3047 1044 3104 satis
1065 3046 1158 3105 multa
1179 3047 1333 3122 supersint
1359 3046 1396 3106 ad
1425 3046 1562 3106 Marcum
1586 3065 1639 3106 us·

298 3169 364 3225 que,
387 3149 483 3207 adhuc
502 3150 615 3208 nullum
635 3149 795 3208 habuimus
813 3167 892 3206 anno
910 3147 967 3206 178
990 3148 1233 3226 (5551511508)
1254 3149 1416 3226 posterius3
1440 3149 1639 3208 crediderim·

297 3267 355 3326 que
377 3251 434 3308 hoc
455 3251 492 3308 de
513 3269 574 3326 quo
598 3251 696 3327 agitur
717 3251 806 3326 longo
832 3251 990 3310 intervallo
1018 3270 1037 3308 a
1063 3251 1188 3327 reliquis
1214 3250 1346 3326 seiungi,
1374 3251 1508 3326 praemia
1532 3264 1638 3311 autem

266 3357 267 3362 ’
298 3359 505 3412 veteranorum
528 3353 645 3412 interim
668 3361 782 3412 1551515
802 3371 879 3412 esse.

338 3455 386 3514 Es
406 3455 530 3514 mutatio
553 3473 629 3530 quae
650 3455 743 3514 fuisse
765 3455 902 3514 videatur
924 3463 1083 3530 antequam
1108 3473 1238 3533 expono,
1264 3475 1349 3516 error
1375 3473 1464 3532 quem
1485 3455 1518 3516 in
1540 3459 1639 3531 prisi-

296 3557 384 3633 legiis
414 3566 503 3618 antea
536 3558 616 3616 notis
647 3558 823 3616 enarrandis
851 3557 984 3616 commisi
1011 3557 1084 3616 mihi
1111 3557 1316 3616 retractandus
1343 3569 1404 3630 est,
1436 3577 1503 3618 cum
1531 3559 1573 3617 ab
1601 3579 1638 3618 ea

296 3661 472 3736 quaestione
494 3661 573 3719 aeris
595 3659 684 3718 huius
706 3660 912 3736 interpretatio
935 3659 1073 3734 pendeat.
1118 3659 1241 3720 Scilicet
1262 3677 1329 3718 cum
1352 3659 1526 3720 huiusmodi
1548 3679 1638 3736 pere-

296 3763 400 3838 grinae
427 3762 611 3822 condicionis
632 3762 777 3821 militibus
799 3761 838 3820 55
860 3761 964 3820 5145
987 3761 1253 3822 511115515551555
1279 3779 1426 3822 concessa
1451 3780 1522 3822 esse
1549 3765 1638 3823 inve-

296 3865 394 3923 niatur
409 3871 439 3924 51
453 3865 528 3941 ipsis
550 3873 579 3924 et
599 3864 693 3922 liberis
711 3869 891 3940 posterisque
912 3882 1017 3936 eornm,
1041 3863 1176 3924 clausula
1197 3871 1295 3922 autem
1317 3865 1391 3924 haee
1412 3864 1443 3922 in
1464 3865 1637 3942 privilegiis

297 3985 351 4041 per
373 3985 467 4026 annos
494 3968 552 4026 154
574 3965 614 4024 55
639 3964 697 4024 178
720 3967 873 4024 concessis
896 3965 1030 4038 deficiat,
1051 3965 1081 4023 id
1103 3967 1166 4026 dixi
1188 3965 1222 4040 (l.
1241 3983 1267 4024 5.
1286 3985 1316 4042 p.
1332 3963 1407 4041 908)
1428 3967 1541 4026 iactum
1565 3987 1637 4028 esse

296 4067 393 4128 videri
420 4069 510 4146 culpa
536 4086 640 4128 eorum
668 4068 719 4143 qui
745 4069 904 4147 privilegia
930 4088 966 4127 ea
992 4069 1214 4145 concepissent,
1241 4085 1318 4144 quos
1347 4085 1421 4127 sane
1449 4069 1512 4148 bac
1534 4081 1637 4130 aetate

297 4179 414 4230 constat
439 4170 537 4228 oilieio
564 4189 669 4247 parum
696 4169 853 4246 diligenter
877 4171 997 4230 functos
1024 4188 1103 4230 esse.
1149 4172 1192 4228 At
1218 4171 1279 4228 iam
1304 4171 1503 4248 apparetitis
1529 4174 1636 4249 potius

297 4281 442 4332 mutatum
469 4291 535 4332 esse
562 4272 704 4332 beneficio
731 4273 806 4332 inter
832 4291 859 4330 a.
883 4272 1076 4332 14551154
1102 4272 1142 4332 55
1166 4273 1252 4350 ipsos
1278 4273 1391 4332 milites
1416 4275 1568 4349 restricto,
1601 4285 1637 4334 111

375 4478 399 4542 ¹)
426 4479 588 4546 Quamquam
607 4480 634 4531 in
655 4479 802 4544 vulgaribus
816 4479 857 4530 his
873 4495 926 4530 non
939 4480 1045 4530 55111155
1064 4479 1279 4545 praetereundum
1298 4487 1345 4543 est,
1364 4481 1436 4546 quod
1449 4482 1545 4534 milites
1558 4483 1635 4533 auxi-

296 4572 373 4636 liarii,
394 4588 445 4639 qno
464 4580 580 4638 tempore
598 4573 641 4622 lex
660 4572 725 4624 haee
743 4573 804 4624 data
828 4579 874 4634 est,
897 4579 957 4637 poet
980 4573 1088 4624 emerita
1111 4573 1223 4638 quinque
1242 4580 1268 4622 et
1287 4573 1376 4638 viginti
1397 4575 1529 4639 stipendia
1546 4577 1635 4626 mitae·

298 4665 399 4715 bantur.
436 4665 505 4716 Nam
524 4665 711 4730 stipendiorum
729 4681 864 4715 numerum
883 4665 1026 4730 legitimum
1050 4665 1125 4715 tertio
1145 4667 1248 4715 saeculo
1268 4665 1378 4716 crevisse
1397 4675 1495 4717 norunt
1512 4670 1559 4734 qui
1578 4671 1634 4719 eins

298 4758 389 4808 aetatis
407 4773 462 4808 rem
481 4757 618 4808 militarem
638 4773 690 4807 555
711 4771 743 4808 ex
763 4757 912 4808 enchiridiis
935 4757 995 4807 solis
1015 4765 1203 4824 cognoverunt3
1228 4759 1327 4808 scilicet
1345 4759 1512 4810 classicorum
1532 4776 1566 4810 ex
1585 4776 1633 4810 sex

297 4858 323 4900 51
345 4851 436 4916 viginti
461 4849 530 4899 iacta
554 4864 610 4899 esse
637 4849 827 4914 duodetriginta
850 4850 985 4916 privilegia
1009 4851 1148 4900 551555551
1172 4849 1212 4911 ((1.
1227 4851 1269 4900 ΠΙ
1287 4867 1312 4916 p.
1327 4851 1400 4912 907),
1426 4851 1632 4916 legionariorum

296 4943 387 5008 viginti
407 4943 516 4993 crevisse
535 4941 569 4991 ad
588 4943 700 5006 quinque
720 4948 745 4991 et
763 4943 853 5007 viginti
873 4943 962 4992 titulus
977 4943 1090 4992 Dacicus
1109 4941 1291 5004 0.111,1072
1311 4950 1337 4992 et
1354 4943 1462 4996 Servius
1479 4943 1515 4992 55
1534 4945 1633 4994 Aenei-

298 5035 357 5084 dem
376 5037 401 5096 1,
418 5037 468 5085 157
489 5048 604 5100 quaeque
629 5034 774 5084 5155155151
798 5049 831 5084 511
856 5035 914 5085 1555
939 5035 1080 5084 1555551151
1100 5033 1333 5100 Dlg.tt‚1,s,a
1356 5041 1383 5084 51
1405 5035 1633 5086 constitutionibus

297 5127 447 5177 Caracallce
471 5126 915 5189 (155.1551.5,65,1.19,35,2.
958 5127 1165 5177 Auxiliarlorum
1189 5127 1323 5192 privilegia
1348 5141 1407 5177 enm
1430 5135 1490 5193 post
1512 5129 1629 5180 mmu-

297 5220 425 5281 55051551,
449 5220 580 5284 expectari
604 5220 688 5285 potnit
711 5219 794 5269 5151115
813 5219 937 5284 quiddam
956 5221 988 5270 de
1007 5220 1039 5270 iis
1058 5227 1160 5272 55111515
1179 5235 1249 5284 5555;
1273 5219 1445 5272 nihilominus
1464 5221 1514 5272 1155
1532 5233 1578 5270 ses
1596 5221 1629 5269 ab

297 5313 448 5376 antiquioris
468 5313 558 5363 aetatis
578 5327 684 5363 numero
704 5313 819 5376 legitimo
839 5328 891 5362 5511
910 5313 1015 5364 recedit.
