3530 5972
499 2143 1009 2262 OBSERVATIONBS
1047 2143 1520 2266 urlculrfflolu.

934 2436 1086 2446 μ.-

604 2629 784 2724 ΧΧΙΧ.
841 2628 1043 2724 ALPBS
1072 2627 1413 2724 POENINAE.

348 2761 491 2923 Vallem
513 2859 678 2936 Poeninum
700 2861 731 2918 in
753 2861 974 2937 provinciarum
997 2858 1185 2917 ordinatione
1203 2859 1331 2934 Augusti
1353 2877 1420 2916 uum
1441 2857 1548 2915 Raetia
1570 2858 1678 2915 conni-

349 2967 449 3023 butam
465 2980 533 3021 esse
547 2962 664 3022 ostendi
680 2963 738 3020 vol.
750 2963 799 3020 111
815 2983 843 3039 p.
858 2961 916 3020 707
935 2961 1221 3039 (ef.v01.vp.757).
1255 2959 1312 3020 Cui
1332 2980 1416 3019 meae
1430 2960 1676 3018 demonstrationi

352 3085 418 3126 cum
433 3085 528 3142 nuper
543 3065 757 3123 contradixerit
773 3063 811 3124 G.
829 3064 935 3140 Zippel
952 3064 1012 3139 (die
1026 3064 1163 3122 rimiaclre
1178 3063 1352 3136 Herreclrast
1365 3067 1396 3120 in
1411 3061 1570 3139 illyricum.
1591 3062 1677 3119 1877.

351 3189 380 3245 p.
394 3167 479 3243 286),
498 3167 594 3242 Alpes
611 3183 661 3224 eas
675 3177 789 3241 partem
803 3167 899 3226 fuisse
915 3165 1086 3242 provinciae
1101 3164 1283 3224 Germaniae
1303 3164 1466 3239 superioris
1488 3163 1676 3234 contendens,

351 3289 410 3328 non
426 3269 481 3327 abs
492 3287 525 3326 re
539 3269 596 3326 erit
610 3276 783 3346 argumenta
796 3269 828 3328 in
843 3269 966 3328 alteram
982 3277 1078 3326 utram
1095 3275 1208 3344 partem
1224 3268 1343 3345 prolata
1357 3267 1455 3324 denuo
1469 3267 1648 3342 expendere.

326 3357 328 3362 ⁵
434 3371 483 3429 Ex
510 3369 680 3428 auctoribus
709 3371 761 3446 qui
787 3389 864 3430 unus
891 3370 1127 3429 considerandus
1156 3379 1204 3428 est
1228 3370 1420 3446 Ptolemaeus
1452 3369 1575 3444 (reliqui
1602 3368 1676 3426 enim

351 3493 428 3550 quae
450 3474 507 3532 huc
527 3471 640 3530 iaciant
660 3491 720 3531 non
742 3473 883 3548 afferunt)
905 3472 1012 3531 vallem
1027 3472 1192 3530 Poeninam
1215 3472 1326 3549 duplici
1348 3471 1467 3530 nomine
1480 3469 1609 3529 Raetiae
1630 3471 1676 3527 ad·

350 3575 469 3634 iudicat.
504 3574 637 3634 Primum
660 3593 725 3633 cunr
747 3575 779 3634 in
800 3575 910 3634 finibus
931 3573 1162 3632 determinandis
1185 3575 1393 3649 proficiscatur
1411 3593 1430 3630 a
1449 3581 1548 3632 monte
1570 3572 1676 3642 Adnln,

237 3667 238 3670 ¹
353 3677 431 3754 apud
454 3695 541 3753 quem
564 3679 606 3736 ait
626 3677 756 3735 confinia
779 3695 845 3736 esse
866 3677 1008 3754 Belgicae
1030 3676 1073 3752 (2,
1090 3677 1118 3748 8,
1135 3675 1178 3752 6),
1204 3674 1414 3736 Narbonensis
1437 3674 1480 3750 (2,
1492 3675 1521 3748 8,
1537 3673 1567 3732 6.
1591 3695 1617 3733 ε,
1635 3675 1677 3745 10,
1750 3727 1751 3740 ,

355 3781 401 3854 1),
427 3778 552 3837 Raetiae
573 3777 682 3854 (2,12,
701 3778 747 3854 1),
776 3779 882 3838 Italiae
905 3779 948 3854 (3,
967 3781 993 3852 1,
1012 3777 1057 3854 1),
1085 3787 1188 3854 aperte
1214 3777 1362 3854 intellegit
1386 3791 1501 3837 montes
1523 3776 1563 3833 ad
1584 3777 1676 3835 laeum
1750 3837 1751 3840 ,

352 3881 554 3953 Lemannum3
584 3899 655 3940 nam
685 3899 721 3939 eo
751 3880 816 3940 solo
843 3880 911 3939 loco
938 3880 1062 3958 Belgica
1087 3879 1214 3956 (scilicet
1240 3879 1372 3940 Helvetii
1398 3899 1418 3938 a
1443 3878 1618 3938 Ptolemaeo
1643 3878 1676 3936 ad
1750 3909 1751 3972 l

353 3983 504 4059 Belgicam
531 3983 633 4058 relati)
662 3991 692 4040 et
712 3980 919 4040 Narbonensis
946 3993 977 4041 et
998 3983 1088 4040 Italia
1115 3984 1316 4041 conterminae
1346 3995 1416 4041 sunt
1442 3989 1472 4040 et
1496 3981 1676 4040 contermina
1750 3975 1751 4064 ᾗ

354 4085 425 4144 item
448 4084 536 4143 vallis
558 4085 701 4158 Poenina,
725 4103 815 4160 quam
838 4084 881 4142 sio
904 4103 970 4143 cum
991 4084 1099 4143 Raetia
1120 4085 1268 4143 contribui
1292 4091 1425 4162 apparet.
1458 4083 1561 4142 Adule
1582 4093 1675 4142 monte
1750 4133 1751 4154 ,

353 4188 444 4262 igitur
466 4186 600 4262 sequitur
615 4187 711 4262 Alpes
734 4187 772 4244 ad
786 4186 924 4246 dextram
939 4185 1076 4244 Rhodani
1099 4187 1263 4262 superioris
1285 4188 1324 4245 ad
1338 4183 1523 4246 Lemannum
1545 4203 1642 4264 usque
1660 4205 1676 4242 a
1750 4191 1751 4230 i

354 4288 529 4347 Ptolemaeo
555 4287 780 4365 comprehendi,
808 4289 887 4364 quod
914 4296 1012 4347 utrum
1039 4297 1118 4347 recte
1143 4289 1245 4348 iecerit
1271 4307 1309 4347 an
1333 4268 1472 4348 vocabuli
1496 4305 1584 4347 usum
1605 4289 1674 4346 iusto

354 4389 444 4449 latius
467 4391 643 4464 extenderit,
666 4391 703 4450 ad
728 4401 834 4449 nostra
854 4409 913 4448 non
935 4391 1072 4468 pertinet.
1108 4389 1264 4468 Zippelius
1286 4400 1365 4450 certe
1387 4409 1454 4450 cum
1476 4391 1610 4462 miratur,
1630 4389 1674 4467 qui
1750 4379 1751 4450 l

355 4492 464 4551 lactum
492 4493 544 4565 sit,
575 4493 654 4570 quod
679 4493 873 4552 Ptolemaeus
900 4491 1053 4552 Poeninas
1078 4493 1175 4570 Alpes
1201 4493 1239 4550 ab
1264 4493 1379 4552 oriente
1403 4493 1521 4552 Adulas
1549 4493 1674 4563 collocet,
1750 4469 1751 4514 l

354 4614 417 4653 rem
440 4613 544 4671 parum
563 4595 721 4654 intellexit.
739 4629 777 4639 —
793 4595 889 4654 Multo
912 4596 1007 4673 magis
1030 4603 1127 4654 autem
1150 4595 1262 4654 errauit
1282 4595 1320 4654 de
1341 4595 1462 4674 oppidis
1482 4595 1563 4672 apud
1586 4595 1676 4654 Ptole·

356 4716 472 4757 maeum
495 4697 533 4756 ad
555 4697 690 4756 Raetiam
713 4697 826 4756 relatis.
872 4695 994 4758 Scilicet
1015 4698 1205 4776 geographus
1227 4697 1352 4756 Raetiae
1373 4697 1486 4774 oppida
1507 4714 1674 4756 enumerans

355 4799 469 4876 (2,12)
497 4809 567 4878 post
589 4801 649 4860 sita
667 4819 761 4878 prope
782 4799 880 4859 lacum
902 4799 1111 4876 Brigantinum
1133 4799 1335 4878 Tangaetium
1357 4809 1387 4857 et
1408 4800 1594 4878 Brigantium
1616 4817 1673 4856 cun

356 4902 400 4960 ita
421 4903 522 4960 finiat:
552 4897 623 4970 perci
647 4890 677 4960 di
699 4893 808 4964 ruitae
830 4889 931 4962 Odruuc
950 4891 1125 4984 'Eilo'duopou
1147 4891 1353 4986 Apnusduupos
1371 4892 1565 4985 Ἐπίδαυρον,
1592 4911 1622 4960 ut
1639 4901 1675 4957 le·

356 5003 437 5079 gitur
457 5003 489 5059 in
511 5003 663 5062 codicibus
689 5004 854 5080 plerisque,
885 5015 917 5062 at
943 5005 1105 5063 secundum
1132 5005 1277 5080 optimum
1296 5005 1477 5064 Vaticanum
1501 5005 1571 5078 191,
1598 5003 1674 5062 cuius

357 5103 500 5163 lectiones
522 5103 695 5179 liberaliter,
718 5116 750 5165 ut
765 5105 851 5180 solet,
874 5125 989 5166 mecum
1012 5107 1241 5167 communicarit
1261 5105 1330 5168 Gar.
1346 5107 1484 5181 Mueller,
1505 5107 1562 5168 ita:
1584 5093 1674 5164 oiim

356 5195 531 5290 Ἐβᾶδουρον
551 5197 735 5292 Ὀκτόδουρον
749 5199 969 5293 Δρουσὸμαγος,
991 5210 1071 5287 quod
1093 5211 1165 5269 olim
1187 5209 1325 5270 contendi
1346 5209 1403 5268 has
1425 5227 1492 5269 esse
1506 5207 1683 5296 vallisPoe·
1710 5265 1720 5290 Ι
1750 5267 1751 5290 ,

361 5306 449 5366 ninae
475 5306 609 5369 civitates
637 5311 698 5371 iam
726 5319 813 5372 extra
842 5311 965 5371 dubium
992 5325 1047 5373 est.
1094 5310 1173 5372 Nam
1202 5313 1282 5390 quod
1308 5311 1398 5372 tertio
1422 5311 1490 5372 loco
1519 5312 1673 5372 nominatur
