<?xml version="1.0" encoding="UTF-8"?>
<!DOCTYPE html PUBLIC "-//W3C//DTD XHTML 1.0 Transitional//EN"
    "http://www.w3.org/TR/xhtml1/DTD/xhtml1-transitional.dtd">
<html xmlns="http://www.w3.org/1999/xhtml" xml:lang="en" lang="en">
 <head>
  <title>
</title>
<meta http-equiv="Content-Type" content="text/html;charset=utf-8" />
  <meta name='ocr-system' content='tesseract 3.04.00' />
  <meta name='ocr-capabilities' content='ocr_page ocr_carea ocr_par ocr_line ocrx_word'/>
</head>
<body>
  <div class='ocr_page' id='page_1' title='image "./ephemerisepigra10instgoog_0529.png"; bbox 0 0 3530 5972; ppageno 0'>
   <div class='ocr_carea' id='block_1_1' title="bbox 354 633 1106 708">
    <p class='ocr_par' dir='ltr' id='par_1_1' title="bbox 354 633 1106 708">
     <span class='ocr_line' id='line_1_1' title="bbox 354 633 1106 708; baseline 0.001 -3"><span class='ocrx_word' id='word_1_1' title='bbox 354 633 427 706; x_wconf 85' lang='lat'>518</span> <span class='ocrx_word' id='word_1_2' title='bbox 925 653 1106 708; x_wconf 79' lang='lat' dir='ltr'>uomrsun</span> 
     </span>
    </p>
   </div>
   <div class='ocr_carea' id='block_1_2' title="bbox 340 827 1738 4798">
    <p class='ocr_par' dir='ltr' id='par_1_2' title="bbox 340 827 1738 3550">
     <span class='ocr_line' id='line_1_2' title="bbox 350 827 1660 906; baseline -0.001 -19"><span class='ocrx_word' id='word_1_3' title='bbox 350 829 505 906; x_wconf 84' lang='lat' dir='ltr'>provincia</span> <span class='ocrx_word' id='word_1_4' title='bbox 523 829 687 890; x_wconf 76' lang='lat' dir='ltr'>Viennensi</span> <span class='ocrx_word' id='word_1_5' title='bbox 708 837 737 887; x_wconf 92' lang='lat' dir='ltr'>et</span> <span class='ocrx_word' id='word_1_6' title='bbox 758 829 788 888; x_wconf 89' lang='lat' dir='ltr'>in</span> <span class='ocrx_word' id='word_1_7' title='bbox 812 827 964 906; x_wconf 74' lang='lat' dir='ltr'><strong>Sapaudia</strong></span> <span class='ocrx_word' id='word_1_8' title='bbox 984 837 1015 888; x_wconf 90' lang='lat' dir='ltr'>et</span> <span class='ocrx_word' id='word_1_9' title='bbox 1035 829 1075 888; x_wconf 93' lang='lat' dir='ltr'>ad</span> <span class='ocrx_word' id='word_1_10' title='bbox 1095 827 1193 890; x_wconf 89' lang='lat' dir='ltr'>lacum</span> <span class='ocrx_word' id='word_1_11' title='bbox 1214 828 1418 900; x_wconf 75' lang='lat' dir='ltr'>Lemannum,</span> <span class='ocrx_word' id='word_1_12' title='bbox 1439 827 1498 888; x_wconf 80' lang='lat' dir='ltr'>imn</span> <span class='ocrx_word' id='word_1_13' title='bbox 1520 827 1660 886; x_wconf 75' lang='lat' dir='ltr'>videndun</span> 
     </span>
     <span class='ocr_line' id='line_1_3' title="bbox 350 931 1661 1010; baseline 0.001 -21"><span class='ocrx_word' id='word_1_14' title='bbox 350 938 407 1004; x_wconf 89' lang='lat' dir='ltr'>est,</span> <span class='ocrx_word' id='word_1_15' title='bbox 434 947 524 1007; x_wconf 86' lang='lat' dir='ltr'>quam</span> <span class='ocrx_word' id='word_1_16' title='bbox 548 941 663 1010; x_wconf 87' lang='lat' dir='ltr'>partem</span> <span class='ocrx_word' id='word_1_17' title='bbox 684 933 769 1010; x_wconf 87' lang='lat' dir='ltr'>ripae</span> <span class='ocrx_word' id='word_1_18' title='bbox 794 931 860 991; x_wconf 88' lang='lat' dir='ltr'>eius</span> <span class='ocrx_word' id='word_1_19' title='bbox 881 931 1079 1008; x_wconf 79' lang='lat' dir='ltr'>probabiliter</span> <span class='ocrx_word' id='word_1_20' title='bbox 1099 931 1297 992; x_wconf 88' lang='lat' dir='ltr'>attribuamus</span> <span class='ocrx_word' id='word_1_21' title='bbox 1317 931 1490 1008; x_wconf 81' lang='lat' dir='ltr'>provinciae</span> <span class='ocrx_word' id='word_1_22' title='bbox 1502 931 1661 990; x_wconf 72' lang='lat' dir='ltr'>Viennensi.</span> 
     </span>
     <span class='ocr_line' id='line_1_4' title="bbox 352 1023 1662 1111; baseline 0 -20"><span class='ocrx_word' id='word_1_23' title='bbox 352 1032 410 1104; x_wconf 88' lang='lat' dir='ltr'>Ita,</span> <span class='ocrx_word' id='word_1_24' title='bbox 435 1051 503 1092; x_wconf 90' lang='lat' dir='ltr'>cum</span> <span class='ocrx_word' id='word_1_25' title='bbox 524 1031 738 1094; x_wconf 82' lang='lat' dir='ltr'>Noviodunum</span> <span class='ocrx_word' id='word_1_26' title='bbox 760 1040 790 1092; x_wconf 90' lang='lat' dir='ltr'>et</span> <span class='ocrx_word' id='word_1_27' title='bbox 810 1035 990 1094; x_wconf 82' lang='lat' dir='ltr'>Aventicum</span> <span class='ocrx_word' id='word_1_28' title='bbox 1011 1034 1120 1094; x_wconf 89' lang='lat' dir='ltr'>finibus</span> <span class='ocrx_word' id='word_1_29' title='bbox 1140 1023 1293 1094; x_wconf 81' lang='lat' dir='ltr'>Maximae</span> <span class='ocrx_word' id='word_1_30' title='bbox 1316 1029 1523 1111; x_wconf 74' lang='lat' dir='ltr'>Sequanorum</span> <span class='ocrx_word' id='word_1_31' title='bbox 1546 1051 1662 1110; x_wconf 88' lang='lat' dir='ltr'>compra-</span> 
     </span>
     <span class='ocr_line' id='line_1_5' title="bbox 352 1133 1661 1214; baseline 0 -21"><span class='ocrx_word' id='word_1_32' title='bbox 352 1135 449 1195; x_wconf 88' lang='lat' dir='ltr'>bensa</span> <span class='ocrx_word' id='word_1_33' title='bbox 469 1135 587 1208; x_wconf 87' lang='lat' dir='ltr'>inerint,</span> <span class='ocrx_word' id='word_1_34' title='bbox 609 1136 734 1195; x_wconf 84' lang='lat' dir='ltr'>exclusa</span> <span class='ocrx_word' id='word_1_35' title='bbox 747 1137 814 1214; x_wconf 90' lang='lat' dir='ltr'>ripa</span> <span class='ocrx_word' id='word_1_36' title='bbox 830 1137 868 1195; x_wconf 95' lang='lat' dir='ltr'>ad</span> <span class='ocrx_word' id='word_1_37' title='bbox 888 1137 1120 1214; x_wconf 80' lang='lat' dir='ltr'>septentrionem</span> <span class='ocrx_word' id='word_1_38' title='bbox 1139 1137 1178 1195; x_wconf 84' lang='lat' dir='ltr'>ad</span> <span class='ocrx_word' id='word_1_39' title='bbox 1196 1136 1320 1196; x_wconf 84' lang='lat' dir='ltr'>alteram</span> <span class='ocrx_word' id='word_1_40' title='bbox 1342 1137 1491 1207; x_wconf 90' lang='lat' dir='ltr'>reicimur,</span> <span class='ocrx_word' id='word_1_41' title='bbox 1511 1135 1562 1194; x_wconf 90' lang='lat' dir='ltr'>ubi</span> <span class='ocrx_word' id='word_1_42' title='bbox 1577 1133 1661 1194; x_wconf 84' lang='lat' dir='ltr'>Gens·</span> 
     </span>
     <span class='ocr_line' id='line_1_6' title="bbox 351 1237 1662 1317; baseline 0.002 -23"><span class='ocrx_word' id='word_1_43' title='bbox 351 1257 418 1298; x_wconf 85' lang='lat' dir='ltr'>vam</span> <span class='ocrx_word' id='word_1_44' title='bbox 433 1247 550 1298; x_wconf 88' lang='lat' dir='ltr'>constat</span> <span class='ocrx_word' id='word_1_45' title='bbox 565 1239 595 1296; x_wconf 89' lang='lat' dir='ltr'>in</span> <span class='ocrx_word' id='word_1_46' title='bbox 611 1237 776 1299; x_wconf 82' lang='lat' dir='ltr'>Viennensi</span> <span class='ocrx_word' id='word_1_47' title='bbox 797 1239 894 1298; x_wconf 84' lang='lat' dir='ltr'>fuisse</span> <span class='ocrx_word' id='word_1_48' title='bbox 913 1257 969 1298; x_wconf 93' lang='lat' dir='ltr'>nec</span> <span class='ocrx_word' id='word_1_49' title='bbox 990 1243 1148 1317; x_wconf 89' lang='lat' dir='ltr'>quicquam</span> <span class='ocrx_word' id='word_1_50' title='bbox 1171 1239 1303 1317; x_wconf 85' lang='lat' dir='ltr'>impedit,</span> <span class='ocrx_word' id='word_1_51' title='bbox 1325 1239 1486 1314; x_wconf 88' lang='lat' dir='ltr'>quominus</span> <span class='ocrx_word' id='word_1_52' title='bbox 1507 1239 1662 1297; x_wconf 80' lang='lat' dir='ltr'>universam</span> 
     </span>
     <span class='ocr_line' id='line_1_7' title="bbox 350 1339 1662 1419; baseline 0 -21"><span class='ocrx_word' id='word_1_53' title='bbox 350 1342 446 1418; x_wconf 89' lang='lat' dir='ltr'>ripam</span> <span class='ocrx_word' id='word_1_54' title='bbox 469 1341 508 1400; x_wconf 89' lang='lat' dir='ltr'>ad</span> <span class='ocrx_word' id='word_1_55' title='bbox 529 1339 700 1400; x_wconf 87' lang='lat' dir='ltr'>influentem</span> <span class='ocrx_word' id='word_1_56' title='bbox 722 1342 901 1400; x_wconf 85' lang='lat' dir='ltr'>Rhodanum</span> <span class='ocrx_word' id='word_1_57' title='bbox 928 1359 1024 1419; x_wconf 88' lang='lat' dir='ltr'>usque</span> <span class='ocrx_word' id='word_1_58' title='bbox 1049 1361 1114 1402; x_wconf 89' lang='lat' dir='ltr'>cum</span> <span class='ocrx_word' id='word_1_59' title='bbox 1140 1342 1245 1400; x_wconf 84' lang='lat' dir='ltr'>eadem</span> <span class='ocrx_word' id='word_1_60' title='bbox 1267 1341 1425 1418; x_wconf 82' lang='lat' dir='ltr'>provincia</span> <span class='ocrx_word' id='word_1_61' title='bbox 1444 1341 1662 1400; x_wconf 80' lang='lat' dir='ltr'>contribuamus.</span> 
     </span>
     <span class='ocr_line' id='line_1_8' title="bbox 349 1439 1662 1522; baseline -0.002 -20"><span class='ocrx_word' id='word_1_62' title='bbox 349 1443 429 1503; x_wconf 88' lang='lat' dir='ltr'>Nam</span> <span class='ocrx_word' id='word_1_63' title='bbox 451 1443 651 1502; x_wconf 79' lang='lat' dir='ltr'>conterminae</span> <span class='ocrx_word' id='word_1_64' title='bbox 672 1443 844 1520; x_wconf 88' lang='lat' dir='ltr'>provinciae</span> <span class='ocrx_word' id='word_1_65' title='bbox 864 1444 988 1522; x_wconf 83' lang='lat' dir='ltr'>Alpium</span> <span class='ocrx_word' id='word_1_66' title='bbox 1011 1441 1171 1504; x_wconf 86' lang='lat' dir='ltr'>Graiarum</span> <span class='ocrx_word' id='word_1_67' title='bbox 1193 1451 1224 1503; x_wconf 89' lang='lat' dir='ltr'>et</span> <span class='ocrx_word' id='word_1_68' title='bbox 1245 1443 1446 1503; x_wconf 90' lang='lat' dir='ltr'>Poeninarum</span> <span class='ocrx_word' id='word_1_69' title='bbox 1467 1441 1583 1502; x_wconf 86' lang='lat' dir='ltr'>Notitia</span> <span class='ocrx_word' id='word_1_70' title='bbox 1599 1439 1662 1501; x_wconf 84' lang='lat' dir='ltr'>Gal-</span> 
     </span>
     <span class='ocr_line' id='line_1_9' title="bbox 349 1545 1661 1623; baseline -0.002 -19"><span class='ocrx_word' id='word_1_71' title='bbox 349 1547 456 1604; x_wconf 85' lang='lat' dir='ltr'>liarum</span> <span class='ocrx_word' id='word_1_72' title='bbox 478 1563 539 1604; x_wconf 90' lang='lat' dir='ltr'>non</span> <span class='ocrx_word' id='word_1_73' title='bbox 560 1545 710 1606; x_wconf 90' lang='lat' dir='ltr'>adiudicat</span> <span class='ocrx_word' id='word_1_74' title='bbox 730 1547 788 1606; x_wconf 91' lang='lat' dir='ltr'>nisi</span> <span class='ocrx_word' id='word_1_75' title='bbox 809 1546 869 1605; x_wconf 91' lang='lat' dir='ltr'>duo</span> <span class='ocrx_word' id='word_1_76' title='bbox 891 1545 1003 1623; x_wconf 91' lang='lat' dir='ltr'>oppido</span> <span class='ocrx_word' id='word_1_77' title='bbox 1025 1547 1236 1606; x_wconf 83' lang='lat' dir='ltr'>Tarsutasiam</span> <span class='ocrx_word' id='word_1_78' title='bbox 1256 1545 1441 1606; x_wconf 84' lang='lat' dir='ltr'>Ceutronum</span> <span class='ocrx_word' id='word_1_79' title='bbox 1462 1546 1618 1622; x_wconf 87' lang='lat' dir='ltr'>(bloutiers</span> <span class='ocrx_word' id='word_1_80' title='bbox 1634 1565 1661 1602; x_wconf 83' lang='lat' dir='ltr'>es</span> 
     </span>
     <span class='ocr_line' id='line_1_10' title="bbox 353 1645 1662 1727; baseline 0.001 -21"><span class='ocrx_word' id='word_1_81' title='bbox 353 1647 538 1724; x_wconf 84' lang='lat' dir='ltr'>Tarustuise)</span> <span class='ocrx_word' id='word_1_82' title='bbox 553 1657 583 1706; x_wconf 93' lang='lat' dir='ltr'>et</span> <span class='ocrx_word' id='word_1_83' title='bbox 598 1647 783 1709; x_wconf 88' lang='lat' dir='ltr'>Octodurum</span> <span class='ocrx_word' id='word_1_84' title='bbox 794 1645 985 1708; x_wconf 90' lang='lat' dir='ltr'>Vallensium</span> <span class='ocrx_word' id='word_1_85' title='bbox 1000 1647 1180 1727; x_wconf 78' lang='lat' dir='ltr'>(Mar-tigny)</span> <span class='ocrx_word' id='word_1_86' title='bbox 1195 1658 1224 1708; x_wconf 90' lang='lat' dir='ltr'>et</span> <span class='ocrx_word' id='word_1_87' title='bbox 1237 1648 1326 1708; x_wconf 83' lang='lat' dir='ltr'>facile</span> <span class='ocrx_word' id='word_1_88' title='bbox 1340 1649 1405 1707; x_wconf 87' lang='lat' dir='ltr'>fieri</span> <span class='ocrx_word' id='word_1_89' title='bbox 1420 1649 1527 1725; x_wconf 88' lang='lat' dir='ltr'>potuit,</span> <span class='ocrx_word' id='word_1_90' title='bbox 1548 1647 1662 1707; x_wconf 70' lang='lat' dir='ltr'>mamare</span> 
     </span>
     <span class='ocr_line' id='line_1_11' title="bbox 349 1747 1663 1830; baseline 0.001 -23"><span class='ocrx_word' id='word_1_91' title='bbox 349 1759 418 1827; x_wconf 91' lang='lat' dir='ltr'>post</span> <span class='ocrx_word' id='word_1_92' title='bbox 434 1747 588 1810; x_wconf 83' lang='lat' dir='ltr'>Genavam</span> <span class='ocrx_word' id='word_1_93' title='bbox 610 1769 649 1810; x_wconf 84' lang='lat' dir='ltr'>ex</span> <span class='ocrx_word' id='word_1_94' title='bbox 671 1751 727 1808; x_wconf 84' lang='lat' dir='ltr'>vici</span> <span class='ocrx_word' id='word_1_95' title='bbox 749 1751 923 1810; x_wconf 89' lang='lat' dir='ltr'>condicione</span> <span class='ocrx_word' id='word_1_96' title='bbox 945 1752 984 1810; x_wconf 91' lang='lat' dir='ltr'>ad</span> <span class='ocrx_word' id='word_1_97' title='bbox 1004 1752 1202 1830; x_wconf 89' lang='lat' dir='ltr'>reipublicae</span> <span class='ocrx_word' id='word_1_98' title='bbox 1223 1759 1333 1810; x_wconf 89' lang='lat' dir='ltr'>statum</span> <span class='ocrx_word' id='word_1_99' title='bbox 1354 1751 1540 1824; x_wconf 84' lang='lat' dir='ltr'>translatam,</span> <span class='ocrx_word' id='word_1_100' title='bbox 1562 1759 1593 1809; x_wconf 91' lang='lat' dir='ltr'>ut</span> <span class='ocrx_word' id='word_1_101' title='bbox 1611 1759 1663 1808; x_wconf 85' lang='lat' dir='ltr'>tota</span> 
     </span>
     <span class='ocr_line' id='line_1_12' title="bbox 349 1852 1737 1932; baseline 0.001 -23"><span class='ocrx_word' id='word_1_102' title='bbox 349 1853 423 1911; x_wconf 89' lang='lat' dir='ltr'>haec</span> <span class='ocrx_word' id='word_1_103' title='bbox 444 1853 511 1929; x_wconf 90' lang='lat' dir='ltr'>ripa</span> <span class='ocrx_word' id='word_1_104' title='bbox 532 1853 559 1912; x_wconf 90' lang='lat' dir='ltr'>ei</span> <span class='ocrx_word' id='word_1_105' title='bbox 581 1853 794 1912; x_wconf 86' lang='lat' dir='ltr'>attribueretur</span> <span class='ocrx_word' id='word_1_106' title='bbox 821 1863 852 1912; x_wconf 89' lang='lat' dir='ltr'>et</span> <span class='ocrx_word' id='word_1_107' title='bbox 876 1863 1037 1932; x_wconf 87' lang='lat' dir='ltr'>propterea</span> <span class='ocrx_word' id='word_1_108' title='bbox 1062 1855 1138 1914; x_wconf 88' lang='lat' dir='ltr'>lines</span> <span class='ocrx_word' id='word_1_109' title='bbox 1165 1852 1335 1930; x_wconf 84' lang='lat' dir='ltr'>provinciae</span> <span class='ocrx_word' id='word_1_110' title='bbox 1356 1871 1477 1930; x_wconf 89' lang='lat' dir='ltr'>quoque</span> <span class='ocrx_word' id='word_1_111' title='bbox 1496 1859 1663 1930; x_wconf 76' lang='lat' dir='ltr'>augerentur</span> <span class='ocrx_word' id='word_1_112' title='bbox 1736 1861 1737 1864; x_wconf 76' lang='grc'>’</span> 
     </span>
     <span class='ocr_line' id='line_1_13' title="bbox 349 1955 1663 2034; baseline -0.002 -20"><span class='ocrx_word' id='word_1_113' title='bbox 349 1955 505 2014; x_wconf 89' lang='lat' dir='ltr'>imminuta</span> <span class='ocrx_word' id='word_1_114' title='bbox 525 1956 709 2015; x_wconf 86' lang='lat' dir='ltr'>contermina</span> <span class='ocrx_word' id='word_1_115' title='bbox 729 1956 864 2033; x_wconf 85' lang='lat' dir='ltr'>Alpium.</span> <span class='ocrx_word' id='word_1_116' title='bbox 908 1955 1006 2018; x_wconf 87' lang='lat' dir='ltr'>Statio</span> <span class='ocrx_word' id='word_1_117' title='bbox 1031 1965 1131 2016; x_wconf 88' lang='lat' dir='ltr'>autem</span> <span class='ocrx_word' id='word_1_118' title='bbox 1156 1956 1279 2028; x_wconf 90' lang='lat' dir='ltr'>classis,</span> <span class='ocrx_word' id='word_1_119' title='bbox 1306 1973 1372 2014; x_wconf 92' lang='lat' dir='ltr'>cum</span> <span class='ocrx_word' id='word_1_120' title='bbox 1398 1956 1573 2031; x_wconf 87' lang='lat' dir='ltr'>praesertim</span> <span class='ocrx_word' id='word_1_121' title='bbox 1592 1956 1663 2034; x_wconf 68' lang='lat' dir='ltr'>rep&#39;o</span> 
     </span>
     <span class='ocr_line' id='line_1_14' title="bbox 349 2057 1663 2135; baseline 0.002 -21"><span class='ocrx_word' id='word_1_122' title='bbox 349 2057 447 2115; x_wconf 87' lang='lat' dir='ltr'>media</span> <span class='ocrx_word' id='word_1_123' title='bbox 468 2057 607 2134; x_wconf 89' lang='lat' dir='ltr'>alpestris</span> <span class='ocrx_word' id='word_1_124' title='bbox 629 2059 774 2134; x_wconf 90' lang='lat' dir='ltr'>portubus</span> <span class='ocrx_word' id='word_1_125' title='bbox 796 2059 938 2118; x_wconf 87' lang='lat' dir='ltr'>destituta</span> <span class='ocrx_word' id='word_1_126' title='bbox 959 2061 1008 2131; x_wconf 88' lang='lat' dir='ltr'>sit,</span> <span class='ocrx_word' id='word_1_127' title='bbox 1030 2058 1215 2118; x_wconf 84' lang='lat' dir='ltr'>commodior</span> <span class='ocrx_word' id='word_1_128' title='bbox 1235 2059 1296 2116; x_wconf 87' lang='lat' dir='ltr'>alia</span> <span class='ocrx_word' id='word_1_129' title='bbox 1316 2057 1399 2117; x_wconf 87' lang='lat' dir='ltr'>nulla</span> <span class='ocrx_word' id='word_1_130' title='bbox 1419 2058 1569 2135; x_wconf 88' lang='lat' dir='ltr'>reperitur</span> <span class='ocrx_word' id='word_1_131' title='bbox 1586 2075 1663 2134; x_wconf 81' lang='lat' dir='ltr'>quum</span> 
     </span>
     <span class='ocr_line' id='line_1_15' title="bbox 348 2157 1662 2221; baseline -0.002 -4"><span class='ocrx_word' id='word_1_132' title='bbox 348 2159 400 2218; x_wconf 92' lang='lat' dir='ltr'>ubi</span> <span class='ocrx_word' id='word_1_133' title='bbox 422 2157 587 2218; x_wconf 84' lang='lat' dir='ltr'>Rhodanus</span> <span class='ocrx_word' id='word_1_134' title='bbox 608 2160 640 2219; x_wconf 92' lang='lat' dir='ltr'>in</span> <span class='ocrx_word' id='word_1_135' title='bbox 661 2161 758 2220; x_wconf 89' lang='lat' dir='ltr'>lacum</span> <span class='ocrx_word' id='word_1_136' title='bbox 780 2161 877 2220; x_wconf 86' lang='lat' dir='ltr'>influit</span> <span class='ocrx_word' id='word_1_137' title='bbox 898 2163 936 2220; x_wconf 86' lang='lat' dir='ltr'>sd</span> <span class='ocrx_word' id='word_1_138' title='bbox 958 2160 1145 2221; x_wconf 83' lang='lat' dir='ltr'>Villeneuve.</span> <span class='ocrx_word' id='word_1_139' title='bbox 1169 2193 1207 2206; x_wconf 89' lang='grc'>-</span> <span class='ocrx_word' id='word_1_140' title='bbox 1233 2160 1297 2219; x_wconf 88' lang='lat' dir='ltr'>lam</span> <span class='ocrx_word' id='word_1_141' title='bbox 1320 2160 1371 2217; x_wconf 92' lang='lat' dir='ltr'>ubi</span> <span class='ocrx_word' id='word_1_142' title='bbox 1392 2160 1524 2220; x_wconf 91' lang='lat' dir='ltr'>redimus</span> <span class='ocrx_word' id='word_1_143' title='bbox 1540 2159 1583 2218; x_wconf 85' lang='lat' dir='ltr'>ad</span> <span class='ocrx_word' id='word_1_144' title='bbox 1602 2159 1662 2217; x_wconf 92' lang='lat' dir='ltr'>Pto-</span> 
     </span>
     <span class='ocr_line' id='line_1_16' title="bbox 348 2261 1662 2341; baseline 0 -21"><span class='ocrx_word' id='word_1_145' title='bbox 348 2263 509 2334; x_wconf 88' lang='lat' dir='ltr'>lemaeum,</span> <span class='ocrx_word' id='word_1_146' title='bbox 538 2262 618 2338; x_wconf 89' lang='lat' dir='ltr'>quod</span> <span class='ocrx_word' id='word_1_147' title='bbox 649 2263 728 2340; x_wconf 85' lang='lat' dir='ltr'>apud</span> <span class='ocrx_word' id='word_1_148' title='bbox 757 2283 824 2322; x_wconf 88' lang='lat' dir='ltr'>eum</span> <span class='ocrx_word' id='word_1_149' title='bbox 853 2264 1023 2324; x_wconf 87' lang='lat' dir='ltr'>nominatur</span> <span class='ocrx_word' id='word_1_150' title='bbox 1049 2263 1191 2341; x_wconf 88' lang='lat' dir='ltr'>oppidum</span> <span class='ocrx_word' id='word_1_151' title='bbox 1219 2261 1396 2322; x_wconf 83' lang='lat' dir='ltr'>Iibodnrum</span> <span class='ocrx_word' id='word_1_152' title='bbox 1426 2263 1559 2321; x_wconf 84' lang='lat' dir='ltr'>vidimus</span> <span class='ocrx_word' id='word_1_153' title='bbox 1586 2262 1662 2320; x_wconf 84' lang='lat' dir='ltr'>situm</span> 
     </span>
     <span class='ocr_line' id='line_1_17' title="bbox 348 2363 1663 2443; baseline -0.001 -21"><span class='ocrx_word' id='word_1_154' title='bbox 348 2365 443 2424; x_wconf 88' lang='lat' dir='ltr'>fuisse</span> <span class='ocrx_word' id='word_1_155' title='bbox 465 2365 542 2422; x_wconf 87' lang='lat' dir='ltr'>inter</span> <span class='ocrx_word' id='word_1_156' title='bbox 556 2364 711 2425; x_wconf 87' lang='lat' dir='ltr'>Viviacum</span> <span class='ocrx_word' id='word_1_157' title='bbox 731 2375 761 2426; x_wconf 91' lang='lat' dir='ltr'>et</span> <span class='ocrx_word' id='word_1_158' title='bbox 776 2365 974 2440; x_wconf 89' lang='lat' dir='ltr'>Octodurum,</span> <span class='ocrx_word' id='word_1_159' title='bbox 995 2365 1027 2425; x_wconf 94' lang='lat' dir='ltr'>id</span> <span class='ocrx_word' id='word_1_160' title='bbox 1047 2367 1127 2443; x_wconf 89' lang='lat' dir='ltr'>quod</span> <span class='ocrx_word' id='word_1_161' title='bbox 1150 2366 1178 2424; x_wconf 90' lang='lat' dir='ltr'>ei</span> <span class='ocrx_word' id='word_1_162' title='bbox 1199 2365 1275 2438; x_wconf 88' lang='lat' dir='ltr'>loco,</span> <span class='ocrx_word' id='word_1_163' title='bbox 1298 2383 1386 2441; x_wconf 91' lang='lat' dir='ltr'>quem</span> <span class='ocrx_word' id='word_1_164' title='bbox 1407 2383 1446 2422; x_wconf 86' lang='lat' dir='ltr'>cx</span> <span class='ocrx_word' id='word_1_165' title='bbox 1467 2363 1585 2423; x_wconf 87' lang='lat' dir='ltr'>Notitia</span> <span class='ocrx_word' id='word_1_166' title='bbox 1604 2363 1663 2422; x_wconf 85' lang='lat' dir='ltr'>eiia-</span> 
     </span>
     <span class='ocr_line' id='line_1_18' title="bbox 349 2465 1662 2545; baseline -0.001 -20"><span class='ocrx_word' id='word_1_167' title='bbox 349 2467 459 2540; x_wconf 88' lang='lat' dir='ltr'>cimns,</span> <span class='ocrx_word' id='word_1_168' title='bbox 488 2467 577 2544; x_wconf 90' lang='lat' dir='ltr'>plane</span> <span class='ocrx_word' id='word_1_169' title='bbox 603 2469 749 2539; x_wconf 87' lang='lat' dir='ltr'>convenit,</span> <span class='ocrx_word' id='word_1_170' title='bbox 777 2469 836 2528; x_wconf 91' lang='lat' dir='ltr'>nisi</span> <span class='ocrx_word' id='word_1_171' title='bbox 861 2469 942 2545; x_wconf 93' lang='lat' dir='ltr'>quod</span> <span class='ocrx_word' id='word_1_172' title='bbox 968 2485 1074 2528; x_wconf 91' lang='lat' dir='ltr'>nomen</span> <span class='ocrx_word' id='word_1_173' title='bbox 1102 2477 1182 2528; x_wconf 88' lang='lat' dir='ltr'>recte</span> <span class='ocrx_word' id='word_1_174' title='bbox 1208 2467 1315 2545; x_wconf 93' lang='lat' dir='ltr'>opinor</span> <span class='ocrx_word' id='word_1_175' title='bbox 1339 2466 1369 2524; x_wconf 93' lang='lat' dir='ltr'>in</span> <span class='ocrx_word' id='word_1_176' title='bbox 1392 2465 1510 2526; x_wconf 87' lang='lat' dir='ltr'>Notitia</span> <span class='ocrx_word' id='word_1_177' title='bbox 1533 2465 1662 2524; x_wconf 80' lang='lat' dir='ltr'>traditum</span> 
     </span>
     <span class='ocr_line' id='line_1_19' title="bbox 348 2567 1662 2648; baseline -0.002 -20"><span class='ocrx_word' id='word_1_178' title='bbox 348 2569 428 2645; x_wconf 90' lang='lat' dir='ltr'>apud</span> <span class='ocrx_word' id='word_1_179' title='bbox 452 2567 601 2629; x_wconf 87' lang='lat' dir='ltr'>Graecum</span> <span class='ocrx_word' id='word_1_180' title='bbox 626 2578 778 2630; x_wconf 89' lang='lat' dir='ltr'>auctorem</span> <span class='ocrx_word' id='word_1_181' title='bbox 804 2571 1001 2647; x_wconf 86' lang='lat' dir='ltr'>corruptelam</span> <span class='ocrx_word' id='word_1_182' title='bbox 1032 2571 1132 2630; x_wconf 92' lang='lat' dir='ltr'>subiit.</span> <span class='ocrx_word' id='word_1_183' title='bbox 1155 2603 1196 2614; x_wconf 93' lang='lat'><em>-</em></span> <span class='ocrx_word' id='word_1_184' title='bbox 1218 2568 1428 2648; x_wconf 82' lang='lat' dir='ltr'>Drusomagus</span> <span class='ocrx_word' id='word_1_185' title='bbox 1454 2567 1583 2644; x_wconf 88' lang='lat' dir='ltr'>denique</span> <span class='ocrx_word' id='word_1_186' title='bbox 1606 2585 1662 2625; x_wconf 89' lang='lat' dir='ltr'>cum</span> 
     </span>
     <span class='ocr_line' id='line_1_20' title="bbox 348 2667 1663 2750; baseline -0.003 -20"><span class='ocrx_word' id='word_1_187' title='bbox 348 2672 419 2730; x_wconf 79' lang='lat' dir='ltr'>alibi</span> <span class='ocrx_word' id='word_1_188' title='bbox 434 2691 493 2731; x_wconf 92' lang='lat' dir='ltr'>nou</span> <span class='ocrx_word' id='word_1_189' title='bbox 508 2673 684 2744; x_wconf 89' lang='lat' dir='ltr'>nominetur,</span> <span class='ocrx_word' id='word_1_190' title='bbox 708 2691 779 2732; x_wconf 83' lang='lat' dir='ltr'>vero</span> <span class='ocrx_word' id='word_1_191' title='bbox 795 2673 899 2734; x_wconf 89' lang='lat' dir='ltr'>ordine</span> <span class='ocrx_word' id='word_1_192' title='bbox 913 2673 1077 2732; x_wconf 88' lang='lat' dir='ltr'>Ptolemaei</span> <span class='ocrx_word' id='word_1_193' title='bbox 1099 2673 1250 2750; x_wconf 82' lang='lat' dir='ltr'>patefacto</span> <span class='ocrx_word' id='word_1_194' title='bbox 1271 2673 1376 2748; x_wconf 90' lang='lat' dir='ltr'>quaeri</span> <span class='ocrx_word' id='word_1_195' title='bbox 1397 2671 1507 2747; x_wconf 87' lang='lat' dir='ltr'>poterit</span> <span class='ocrx_word' id='word_1_196' title='bbox 1528 2669 1606 2748; x_wconf 86' lang='lat' dir='ltr'>apud</span> <span class='ocrx_word' id='word_1_197' title='bbox 1619 2667 1663 2728; x_wconf 89' lang='lat' dir='ltr'>Se·</span> 
     </span>
     <span class='ocr_line' id='line_1_21' title="bbox 348 2771 1663 2853; baseline -0.002 -22"><span class='ocrx_word' id='word_1_198' title='bbox 348 2775 444 2834; x_wconf 91' lang='lat' dir='ltr'>dunos</span> <span class='ocrx_word' id='word_1_199' title='bbox 457 2774 515 2846; x_wconf 87' lang='lat' dir='ltr'>vel,</span> <span class='ocrx_word' id='word_1_200' title='bbox 537 2775 563 2833; x_wconf 92' lang='lat' dir='ltr'>si</span> <span class='ocrx_word' id='word_1_201' title='bbox 579 2775 675 2853; x_wconf 86' lang='lat' dir='ltr'>magis</span> <span class='ocrx_word' id='word_1_202' title='bbox 689 2775 795 2853; x_wconf 88' lang='lat' dir='ltr'>placet,</span> <span class='ocrx_word' id='word_1_203' title='bbox 818 2777 898 2852; x_wconf 92' lang='lat' dir='ltr'>apud</span> <span class='ocrx_word' id='word_1_204' title='bbox 912 2775 1030 2835; x_wconf 89' lang='lat' dir='ltr'>Uberos</span> <span class='ocrx_word' id='word_1_205' title='bbox 1049 2774 1228 2852; x_wconf 84' lang='lat' dir='ltr'>Lepontios:</span> <span class='ocrx_word' id='word_1_206' title='bbox 1252 2783 1330 2834; x_wconf 87' lang='lat' dir='ltr'>certe</span> <span class='ocrx_word' id='word_1_207' title='bbox 1351 2791 1412 2832; x_wconf 91' lang='lat' dir='ltr'>non</span> <span class='ocrx_word' id='word_1_208' title='bbox 1433 2773 1601 2832; x_wconf 84' lang='lat' dir='ltr'>invenietur</span> <span class='ocrx_word' id='word_1_209' title='bbox 1619 2771 1663 2848; x_wconf 91' lang='lat' dir='ltr'>qui</span> 
     </span>
     <span class='ocr_line' id='line_1_22' title="bbox 349 2875 1663 2955; baseline -0.001 -21"><span class='ocrx_word' id='word_1_210' title='bbox 349 2876 428 2935; x_wconf 89' lang='lat' dir='ltr'>dicto</span> <span class='ocrx_word' id='word_1_211' title='bbox 454 2875 577 2936; x_wconf 90' lang='lat' dir='ltr'>audiens</span> <span class='ocrx_word' id='word_1_212' title='bbox 603 2877 642 2936; x_wconf 89' lang='lat' dir='ltr'>sit</span> <span class='ocrx_word' id='word_1_213' title='bbox 663 2877 801 2955; x_wconf 89' lang='lat' dir='ltr'>Zippelio</span> <span class='ocrx_word' id='word_1_214' title='bbox 826 2878 929 2937; x_wconf 90' lang='lat' dir='ltr'>nescio</span> <span class='ocrx_word' id='word_1_215' title='bbox 954 2877 1106 2955; x_wconf 89' lang='lat' dir='ltr'>quomodo</span> <span class='ocrx_word' id='word_1_216' title='bbox 1132 2878 1252 2955; x_wconf 84' lang='lat' dir='ltr'>neganti</span> <span class='ocrx_word' id='word_1_217' title='bbox 1278 2883 1365 2936; x_wconf 85' lang='lat' dir='ltr'>extra</span> <span class='ocrx_word' id='word_1_218' title='bbox 1388 2876 1528 2936; x_wconf 86' lang='lat' dir='ltr'>Raetiam</span> <span class='ocrx_word' id='word_1_219' title='bbox 1551 2893 1663 2934; x_wconf 80' lang='lat' dir='ltr'>suamc</span> 
     </span>
     <span class='ocr_line' id='line_1_23' title="bbox 349 2977 1662 3058; baseline -0.002 -22"><span class='ocrx_word' id='word_1_220' title='bbox 349 2977 450 3038; x_wconf 88' lang='lat' dir='ltr'>Druso</span> <span class='ocrx_word' id='word_1_221' title='bbox 471 2979 615 3057; x_wconf 88' lang='lat' dir='ltr'>oppidum</span> <span class='ocrx_word' id='word_1_222' title='bbox 636 2980 784 3040; x_wconf 88' lang='lat' dir='ltr'>nominari</span> <span class='ocrx_word' id='word_1_223' title='bbox 804 2981 947 3058; x_wconf 87' lang='lat' dir='ltr'>potuisse.</span> <span class='ocrx_word' id='word_1_224' title='bbox 987 2981 1094 3058; x_wconf 84' lang='lat' dir='ltr'>Itaque</span> <span class='ocrx_word' id='word_1_225' title='bbox 1113 2987 1254 3057; x_wconf 89' lang='lat' dir='ltr'>quattuor</span> <span class='ocrx_word' id='word_1_226' title='bbox 1272 2979 1420 3052; x_wconf 82' lang='lat' dir='ltr'>civitates,</span> <span class='ocrx_word' id='word_1_227' title='bbox 1442 2996 1519 3056; x_wconf 85' lang='lat' dir='ltr'>quas</span> <span class='ocrx_word' id='word_1_228' title='bbox 1541 2988 1662 3038; x_wconf 66' lang='lat' dir='ltr'>extumo</span> 
     </span>
     <span class='ocr_line' id='line_1_24' title="bbox 348 3080 1738 3160; baseline -0.001 -23"><span class='ocrx_word' id='word_1_229' title='bbox 348 3080 416 3140; x_wconf 92' lang='lat' dir='ltr'>loco</span> <span class='ocrx_word' id='word_1_230' title='bbox 437 3080 468 3138; x_wconf 90' lang='lat' dir='ltr'>in</span> <span class='ocrx_word' id='word_1_231' title='bbox 488 3081 597 3140; x_wconf 85' lang='lat' dir='ltr'>Raetia</span> <span class='ocrx_word' id='word_1_232' title='bbox 617 3082 808 3142; x_wconf 90' lang='lat' dir='ltr'>Ptolemaeus</span> <span class='ocrx_word' id='word_1_233' title='bbox 829 3091 980 3156; x_wconf 86' lang='lat' dir='ltr'>recenset,</span> <span class='ocrx_word' id='word_1_234' title='bbox 1002 3101 1069 3143; x_wconf 90' lang='lat' dir='ltr'>cum</span> <span class='ocrx_word' id='word_1_235' title='bbox 1091 3083 1266 3160; x_wconf 86' lang='lat' dir='ltr'>praesertim</span> <span class='ocrx_word' id='word_1_236' title='bbox 1289 3084 1316 3142; x_wconf 93' lang='lat' dir='ltr'>is</span> <span class='ocrx_word' id='word_1_237' title='bbox 1338 3081 1427 3142; x_wconf 82' lang='lat' dir='ltr'>vallis</span> <span class='ocrx_word' id='word_1_238' title='bbox 1448 3081 1601 3140; x_wconf 83' lang='lat' dir='ltr'>Poeninae</span> <span class='ocrx_word' id='word_1_239' title='bbox 1618 3097 1662 3154; x_wconf 92' lang='lat' dir='ltr'>op·</span> <span class='ocrx_word' id='word_1_240' title='bbox 1737 3113 1738 3158; x_wconf 65' lang='lat'>,</span> 
     </span>
     <span class='ocr_line' id='line_1_25' title="bbox 347 3182 1662 3260; baseline 0.001 -20"><span class='ocrx_word' id='word_1_241' title='bbox 347 3182 420 3260; x_wconf 90' lang='lat' dir='ltr'>pida</span> <span class='ocrx_word' id='word_1_242' title='bbox 440 3190 492 3241; x_wconf 89' lang='lat' dir='ltr'>aut</span> <span class='ocrx_word' id='word_1_243' title='bbox 512 3183 570 3242; x_wconf 92' lang='lat' dir='ltr'>hoc</span> <span class='ocrx_word' id='word_1_244' title='bbox 590 3184 657 3243; x_wconf 92' lang='lat' dir='ltr'>loco</span> <span class='ocrx_word' id='word_1_245' title='bbox 678 3185 825 3246; x_wconf 89' lang='lat' dir='ltr'>rettulerit</span> <span class='ocrx_word' id='word_1_246' title='bbox 845 3203 967 3245; x_wconf 89' lang='lat' dir='ltr'>necesse</span> <span class='ocrx_word' id='word_1_247' title='bbox 985 3187 1026 3246; x_wconf 91' lang='lat' dir='ltr'>sit</span> <span class='ocrx_word' id='word_1_248' title='bbox 1043 3193 1096 3246; x_wconf 90' lang='lat' dir='ltr'>ant</span> <span class='ocrx_word' id='word_1_249' title='bbox 1112 3186 1256 3257; x_wconf 89' lang='lat' dir='ltr'>omiserit,</span> <span class='ocrx_word' id='word_1_250' title='bbox 1278 3201 1334 3245; x_wconf 89' lang='lat' dir='ltr'>nos</span> <span class='ocrx_word' id='word_1_251' title='bbox 1349 3185 1410 3244; x_wconf 88' lang='lat' dir='ltr'>iam</span> <span class='ocrx_word' id='word_1_252' title='bbox 1424 3183 1590 3243; x_wconf 84' lang='lat' dir='ltr'>tenebimus</span> <span class='ocrx_word' id='word_1_253' title='bbox 1603 3197 1662 3242; x_wconf 88' lang='lat' dir='ltr'>esse</span> 
     </span>
     <span class='ocr_line' id='line_1_26' title="bbox 340 3283 1663 3366; baseline 0.001 -24"><span class='ocrx_word' id='word_1_254' title='bbox 340 3283 511 3362; x_wconf 84' lang='lat' dir='ltr'>Viviscum,</span> <span class='ocrx_word' id='word_1_255' title='bbox 533 3285 622 3345; x_wconf 91' lang='lat' dir='ltr'>bodie</span> <span class='ocrx_word' id='word_1_256' title='bbox 637 3285 755 3365; x_wconf 84' lang='lat' dir='ltr'>Vevay;</span> <span class='ocrx_word' id='word_1_257' title='bbox 778 3289 951 3348; x_wconf 84' lang='lat' dir='ltr'>Ebodurum</span> <span class='ocrx_word' id='word_1_258' title='bbox 972 3289 1021 3347; x_wconf 86' lang='lat' dir='ltr'>vel</span> <span class='ocrx_word' id='word_1_259' title='bbox 1042 3287 1235 3348; x_wconf 82' lang='lat' dir='ltr'>Ebrudunum</span> <span class='ocrx_word' id='word_1_260' title='bbox 1258 3305 1352 3366; x_wconf 89' lang='lat' dir='ltr'>prope</span> <span class='ocrx_word' id='word_1_261' title='bbox 1366 3286 1543 3346; x_wconf 81' lang='lat' dir='ltr'>Villeneure</span> <span class='ocrx_word' id='word_1_262' title='bbox 1561 3285 1598 3345; x_wconf 94' lang='lat' dir='ltr'>ad</span> <span class='ocrx_word' id='word_1_263' title='bbox 1613 3283 1663 3342; x_wconf 74' lang='lat' dir='ltr'>Ise-</span> 
     </span>
     <span class='ocr_line' id='line_1_27' title="bbox 348 3386 1661 3469; baseline 0.002 -25"><span class='ocrx_word' id='word_1_264' title='bbox 348 3403 502 3459; x_wconf 83' lang='lat' dir='ltr'>mannum3</span> <span class='ocrx_word' id='word_1_265' title='bbox 529 3386 729 3462; x_wconf 88' lang='lat' dir='ltr'>Octodurum,</span> <span class='ocrx_word' id='word_1_266' title='bbox 756 3389 845 3450; x_wconf 90' lang='lat' dir='ltr'>bodie</span> <span class='ocrx_word' id='word_1_267' title='bbox 872 3391 1037 3469; x_wconf 82' lang='lat' dir='ltr'>Murtigny;</span> <span class='ocrx_word' id='word_1_268' title='bbox 1066 3391 1288 3468; x_wconf 77' lang='lat' dir='ltr'>Drusomngum</span> <span class='ocrx_word' id='word_1_269' title='bbox 1310 3391 1351 3450; x_wconf 92' lang='lat' dir='ltr'>ibi</span> <span class='ocrx_word' id='word_1_270' title='bbox 1373 3389 1503 3449; x_wconf 80' lang='lat' dir='ltr'>fortasse</span> <span class='ocrx_word' id='word_1_271' title='bbox 1525 3389 1661 3449; x_wconf 81' lang='lat' dir='ltr'>obinunt</span> 
     </span>
     <span class='ocr_line' id='line_1_28' title="bbox 348 3486 522 3550; baseline 0 -2"><span class='ocrx_word' id='word_1_272' title='bbox 348 3498 395 3548; x_wconf 88' lang='lat' dir='ltr'>est</span> <span class='ocrx_word' id='word_1_273' title='bbox 416 3486 522 3550; x_wconf 91' lang='lat' dir='ltr'>Sitteu.</span> 
     </span>
    </p>

    <p class='ocr_par' dir='ltr' id='par_1_3' title="bbox 348 3591 1661 3777">
     <span class='ocr_line' id='line_1_29' title="bbox 430 3591 1661 3672; baseline -0.002 -21"><span class='ocrx_word' id='word_1_274' title='bbox 430 3591 584 3653; x_wconf 86' lang='lat' dir='ltr'>Hactenus</span> <span class='ocrx_word' id='word_1_275' title='bbox 614 3595 651 3654; x_wconf 91' lang='lat' dir='ltr'>de</span> <span class='ocrx_word' id='word_1_276' title='bbox 679 3595 862 3656; x_wconf 88' lang='lat' dir='ltr'>Ptolemaeo.</span> <span class='ocrx_word' id='word_1_277' title='bbox 910 3597 975 3655; x_wconf 92' lang='lat' dir='ltr'>Iam</span> <span class='ocrx_word' id='word_1_278' title='bbox 1004 3595 1173 3667; x_wconf 83' lang='lat' dir='ltr'>videamus,</span> <span class='ocrx_word' id='word_1_279' title='bbox 1206 3615 1275 3656; x_wconf 89' lang='lat' dir='ltr'>uum</span> <span class='ocrx_word' id='word_1_280' title='bbox 1302 3595 1332 3653; x_wconf 90' lang='lat' dir='ltr'>in</span> <span class='ocrx_word' id='word_1_281' title='bbox 1361 3595 1457 3654; x_wconf 87' lang='lat' dir='ltr'>titulis</span> <span class='ocrx_word' id='word_1_282' title='bbox 1484 3592 1661 3672; x_wconf 83' lang='lat' dir='ltr'>explicandis</span> 
     </span>
     <span class='ocr_line' id='line_1_30' title="bbox 348 3693 1555 3777; baseline 0.002 -25"><span class='ocrx_word' id='word_1_283' title='bbox 348 3693 503 3771; x_wconf 87' lang='lat' dir='ltr'>Zippelius</span> <span class='ocrx_word' id='word_1_284' title='bbox 525 3696 648 3756; x_wconf 85' lang='lat' dir='ltr'>meliore</span> <span class='ocrx_word' id='word_1_285' title='bbox 669 3698 788 3757; x_wconf 75' lang='lat' dir='ltr'>ionuna</span> <span class='ocrx_word' id='word_1_286' title='bbox 809 3715 881 3758; x_wconf 89' lang='lat' dir='ltr'>usus</span> <span class='ocrx_word' id='word_1_287' title='bbox 903 3699 944 3758; x_wconf 85' lang='lat' dir='ltr'>eit</span> <span class='ocrx_word' id='word_1_288' title='bbox 963 3719 1054 3777; x_wconf 87' lang='lat' dir='ltr'>quarn</span> <span class='ocrx_word' id='word_1_289' title='bbox 1075 3699 1106 3758; x_wconf 93' lang='lat' dir='ltr'>in</span> <span class='ocrx_word' id='word_1_290' title='bbox 1128 3698 1351 3774; x_wconf 88' lang='lat' dir='ltr'>interpretando</span> <span class='ocrx_word' id='word_1_291' title='bbox 1374 3697 1555 3775; x_wconf 84' lang='lat' dir='ltr'>geograpbo.</span> 
     </span>
    </p>

    <p class='ocr_par' dir='ltr' id='par_1_4' title="bbox 346 3796 1660 4798">
     <span class='ocr_line' id='line_1_31' title="bbox 431 3796 1660 3878; baseline -0.001 -23"><span class='ocrx_word' id='word_1_292' title='bbox 431 3797 552 3857; x_wconf 89' lang='lat' dir='ltr'>Titulus</span> <span class='ocrx_word' id='word_1_293' title='bbox 578 3799 816 3878; x_wconf 88' lang='lat' dir='ltr'>Interprominus</span> <span class='ocrx_word' id='word_1_294' title='bbox 837 3802 898 3860; x_wconf 83' lang='lat' dir='ltr'>vol.</span> <span class='ocrx_word' id='word_1_295' title='bbox 913 3801 961 3860; x_wconf 86' lang='lat' dir='ltr'>IX</span> <span class='ocrx_word' id='word_1_296' title='bbox 988 3819 1017 3859; x_wconf 92' lang='lat' dir='ltr'>n.</span> <span class='ocrx_word' id='word_1_297' title='bbox 1043 3801 1123 3860; x_wconf 82' lang='lat'>3044</span> <span class='ocrx_word' id='word_1_298' title='bbox 1150 3801 1215 3860; x_wconf 81' lang='lat' dir='ltr'>sive</span> <span class='ocrx_word' id='word_1_299' title='bbox 1235 3799 1314 3878; x_wconf 86' lang='lat' dir='ltr'>apud</span> <span class='ocrx_word' id='word_1_300' title='bbox 1335 3799 1511 3859; x_wconf 82' lang='lat' dir='ltr'>Honzenum</span> <span class='ocrx_word' id='word_1_301' title='bbox 1538 3819 1568 3858; x_wconf 90' lang='lat' dir='ltr'>n.</span> <span class='ocrx_word' id='word_1_302' title='bbox 1590 3796 1660 3856; x_wconf 79' lang='lat'><strong>6939</strong></span> 
     </span>
     <span class='ocr_line' id='line_1_32' title="bbox 348 3899 1660 3980; baseline -0.002 -24"><span class='ocrx_word' id='word_1_303' title='bbox 348 3899 455 3958; x_wconf 90' lang='lat' dir='ltr'>aetatis</span> <span class='ocrx_word' id='word_1_304' title='bbox 483 3899 664 3961; x_wconf 87' lang='lat' dir='ltr'>Tiberianae</span> <span class='ocrx_word' id='word_1_305' title='bbox 690 3903 769 3962; x_wconf 90' lang='lat' dir='ltr'>inter</span> <span class='ocrx_word' id='word_1_306' title='bbox 796 3905 941 3976; x_wconf 86' lang='lat' dir='ltr'>honores,</span> <span class='ocrx_word' id='word_1_307' title='bbox 970 3921 1046 3980; x_wconf 88' lang='lat' dir='ltr'>quos</span> <span class='ocrx_word' id='word_1_308' title='bbox 1075 3903 1224 3979; x_wconf 88' lang='lat' dir='ltr'>equestris</span> <span class='ocrx_word' id='word_1_309' title='bbox 1251 3901 1366 3962; x_wconf 89' lang='lat' dir='ltr'>ordinis</span> <span class='ocrx_word' id='word_1_310' title='bbox 1392 3903 1440 3960; x_wconf 88' lang='lat' dir='ltr'>vir</span> <span class='ocrx_word' id='word_1_311' title='bbox 1465 3899 1537 3962; x_wconf 88' lang='lat' dir='ltr'>Sex.</span> <span class='ocrx_word' id='word_1_312' title='bbox 1560 3899 1660 3959; x_wconf 88' lang='lat' dir='ltr'>Pedius</span> 
     </span>
     <span class='ocr_line' id='line_1_33' title="bbox 346 4000 1659 4083; baseline 0 -24"><span class='ocrx_word' id='word_1_313' title='bbox 346 4001 498 4060; x_wconf 86' lang='lat' dir='ltr'>Lusianus</span> <span class='ocrx_word' id='word_1_314' title='bbox 525 4001 667 4063; x_wconf 88' lang='lat' dir='ltr'>Hirrutus</span> <span class='ocrx_word' id='word_1_315' title='bbox 694 4013 872 4064; x_wconf 90' lang='lat' dir='ltr'>consecutus</span> <span class='ocrx_word' id='word_1_316' title='bbox 902 4016 962 4076; x_wconf 89' lang='lat' dir='ltr'>est,</span> <span class='ocrx_word' id='word_1_317' title='bbox 994 4025 1061 4064; x_wconf 89' lang='lat' dir='ltr'>cum</span> <span class='ocrx_word' id='word_1_318' title='bbox 1087 4005 1179 4066; x_wconf 89' lang='lat' dir='ltr'>verba</span> <span class='ocrx_word' id='word_1_319' title='bbox 1205 4012 1299 4083; x_wconf 90' lang='lat' dir='ltr'>ponat</span> <span class='ocrx_word' id='word_1_320' title='bbox 1321 4007 1408 4080; x_wconf 78' lang='lat' dir='ltr'>prim.</span> <span class='ocrx_word' id='word_1_321' title='bbox 1433 4006 1488 4081; x_wconf 80' lang='lat' dir='ltr'>pti.</span> <span class='ocrx_word' id='word_1_322' title='bbox 1512 4005 1564 4080; x_wconf 84' lang='lat' dir='ltr'>lep.</span> <span class='ocrx_word' id='word_1_323' title='bbox 1580 4000 1659 4070; x_wconf 80' lang='lat' dir='ltr'>XXI,</span> 
     </span>
     <span class='ocr_line' id='line_1_34' title="bbox 346 4100 1658 4184; baseline -0.001 -23"><span class='ocrx_word' id='word_1_324' title='bbox 346 4103 467 4180; x_wconf 84' lang='lat' dir='ltr'>prc[es.]</span> <span class='ocrx_word' id='word_1_325' title='bbox 484 4105 583 4164; x_wconf 80' lang='lat' dir='ltr'>Rustic</span> <span class='ocrx_word' id='word_1_326' title='bbox 602 4105 760 4167; x_wconf 80' lang='lat' dir='ltr'>Vindelicis</span> <span class='ocrx_word' id='word_1_327' title='bbox 781 4107 881 4184; x_wconf 83' lang='lat' dir='ltr'>calii[a</span> <span class='ocrx_word' id='word_1_328' title='bbox 892 4107 1052 4183; x_wconf 79' lang='lat' dir='ltr'>PJominas</span> <span class='ocrx_word' id='word_1_329' title='bbox 1067 4118 1092 4167; x_wconf 83' lang='lat' dir='ltr'>st</span> <span class='ocrx_word' id='word_1_330' title='bbox 1107 4107 1176 4167; x_wconf 83' lang='lat' dir='ltr'>leuis</span> <span class='ocrx_word' id='word_1_331' title='bbox 1191 4106 1394 4183; x_wconf 61' lang='lat' dir='ltr'>armemus),</span> <span class='ocrx_word' id='word_1_332' title='bbox 1416 4106 1486 4164; x_wconf 92' lang='lat' dir='ltr'>inde</span> <span class='ocrx_word' id='word_1_333' title='bbox 1504 4100 1658 4164; x_wconf 78' lang='lat' dir='ltr'>confirmari</span> 
     </span>
     <span class='ocr_line' id='line_1_35' title="bbox 347 4203 1659 4288; baseline 0.001 -25"><span class='ocrx_word' id='word_1_334' title='bbox 347 4205 411 4265; x_wconf 83' lang='lat' dir='ltr'>dixi</span> <span class='ocrx_word' id='word_1_335' title='bbox 438 4215 499 4265; x_wconf 87' lang='lat' dir='ltr'>tres</span> <span class='ocrx_word' id='word_1_336' title='bbox 525 4205 594 4266; x_wconf 89' lang='lat' dir='ltr'>illas</span> <span class='ocrx_word' id='word_1_337' title='bbox 622 4209 758 4286; x_wconf 83' lang='lat' dir='ltr'>regiones</span> <span class='ocrx_word' id='word_1_338' title='bbox 786 4210 843 4268; x_wconf 92' lang='lat' dir='ltr'>sub</span> <span class='ocrx_word' id='word_1_339' title='bbox 871 4209 976 4268; x_wconf 92' lang='lat' dir='ltr'>eodem</span> <span class='ocrx_word' id='word_1_340' title='bbox 997 4209 1136 4288; x_wconf 87' lang='lat' dir='ltr'>praeside</span> <span class='ocrx_word' id='word_1_341' title='bbox 1157 4209 1263 4270; x_wconf 86' lang='lat' dir='ltr'>inisse.</span> <span class='ocrx_word' id='word_1_342' title='bbox 1307 4207 1423 4268; x_wconf 83' lang='lat' dir='ltr'>Contra</span> <span class='ocrx_word' id='word_1_343' title='bbox 1447 4227 1525 4286; x_wconf 85' lang='lat' dir='ltr'>quae</span> <span class='ocrx_word' id='word_1_344' title='bbox 1549 4203 1659 4283; x_wconf 87' lang='lat' dir='ltr'>protulit</span> 
     </span>
     <span class='ocr_line' id='line_1_36' title="bbox 347 4307 1658 4389; baseline 0 -25"><span class='ocrx_word' id='word_1_345' title='bbox 347 4307 517 4385; x_wconf 91' lang='lat' dir='ltr'>Zippelius,</span> <span class='ocrx_word' id='word_1_346' title='bbox 539 4309 596 4368; x_wconf 91' lang='lat' dir='ltr'>hoc</span> <span class='ocrx_word' id='word_1_347' title='bbox 617 4319 732 4369; x_wconf 88' lang='lat' dir='ltr'>tantum</span> <span class='ocrx_word' id='word_1_348' title='bbox 755 4313 883 4389; x_wconf 86' lang='lat' dir='ltr'>probunt</span> <span class='ocrx_word' id='word_1_349' title='bbox 903 4331 969 4370; x_wconf 90' lang='lat' dir='ltr'>cum</span> <span class='ocrx_word' id='word_1_350' title='bbox 991 4331 1047 4372; x_wconf 92' lang='lat' dir='ltr'>nec</span> <span class='ocrx_word' id='word_1_351' title='bbox 1066 4311 1184 4371; x_wconf 88' lang='lat' dir='ltr'>titulum</span> <span class='ocrx_word' id='word_1_352' title='bbox 1205 4311 1389 4370; x_wconf 82' lang='lat' dir='ltr'>intellexisse</span> <span class='ocrx_word' id='word_1_353' title='bbox 1411 4329 1466 4369; x_wconf 87' lang='lat' dir='ltr'>nec</span> <span class='ocrx_word' id='word_1_354' title='bbox 1486 4307 1658 4368; x_wconf 82' lang='lat' dir='ltr'>constitutio</span> 
     </span>
     <span class='ocr_line' id='line_1_37' title="bbox 346 4409 1657 4491; baseline 0 -25"><span class='ocrx_word' id='word_1_355' title='bbox 346 4427 414 4467; x_wconf 91' lang='lat' dir='ltr'>nem</span> <span class='ocrx_word' id='word_1_356' title='bbox 437 4409 595 4469; x_wconf 89' lang='lat' dir='ltr'>militarem</span> <span class='ocrx_word' id='word_1_357' title='bbox 612 4413 677 4472; x_wconf 89' lang='lat' dir='ltr'>eius</span> <span class='ocrx_word' id='word_1_358' title='bbox 691 4414 798 4473; x_wconf 89' lang='lat' dir='ltr'>aetatis</span> <span class='ocrx_word' id='word_1_359' title='bbox 813 4415 888 4474; x_wconf 89' lang='lat' dir='ltr'>satis</span> <span class='ocrx_word' id='word_1_360' title='bbox 904 4414 1055 4473; x_wconf 88' lang='lat' dir='ltr'>didicisse.</span> <span class='ocrx_word' id='word_1_361' title='bbox 1087 4411 1167 4472; x_wconf 88' lang='lat' dir='ltr'>Nam</span> <span class='ocrx_word' id='word_1_362' title='bbox 1184 4414 1263 4491; x_wconf 95' lang='lat' dir='ltr'>quod</span> <span class='ocrx_word' id='word_1_363' title='bbox 1278 4415 1383 4472; x_wconf 83' lang='lat' dir='ltr'>statuit</span> <span class='ocrx_word' id='word_1_364' title='bbox 1396 4411 1552 4472; x_wconf 84' lang='lat' dir='ltr'>Hirrutum</span> <span class='ocrx_word' id='word_1_365' title='bbox 1567 4409 1657 4470; x_wconf 90' lang='lat' dir='ltr'>eodem</span> 
     </span>
     <span class='ocr_line' id='line_1_38' title="bbox 347 4514 1657 4592; baseline 0.002 -24"><span class='ocrx_word' id='word_1_366' title='bbox 347 4520 480 4587; x_wconf 89' lang='lat' dir='ltr'>tempore</span> <span class='ocrx_word' id='word_1_367' title='bbox 501 4521 531 4570; x_wconf 90' lang='lat' dir='ltr'>ct</span> <span class='ocrx_word' id='word_1_368' title='bbox 551 4514 678 4590; x_wconf 92' lang='lat' dir='ltr'>primum</span> <span class='ocrx_word' id='word_1_369' title='bbox 700 4515 793 4592; x_wconf 90' lang='lat' dir='ltr'>pilum</span> <span class='ocrx_word' id='word_1_370' title='bbox 815 4516 846 4574; x_wconf 90' lang='lat' dir='ltr'>in</span> <span class='ocrx_word' id='word_1_371' title='bbox 867 4515 986 4592; x_wconf 85' lang='lat' dir='ltr'>legione</span> <span class='ocrx_word' id='word_1_372' title='bbox 1007 4515 1082 4575; x_wconf 86' lang='lat' dir='ltr'>XXI</span> <span class='ocrx_word' id='word_1_373' title='bbox 1108 4515 1232 4575; x_wconf 85' lang='lat' dir='ltr'>duxisse</span> <span class='ocrx_word' id='word_1_374' title='bbox 1254 4525 1284 4575; x_wconf 88' lang='lat' dir='ltr'>et</span> <span class='ocrx_word' id='word_1_375' title='bbox 1304 4515 1473 4592; x_wconf 79' lang='lat' dir='ltr'>praefuisse</span> <span class='ocrx_word' id='word_1_376' title='bbox 1492 4515 1552 4574; x_wconf 84' lang='lat' dir='ltr'>levi</span> <span class='ocrx_word' id='word_1_377' title='bbox 1573 4527 1657 4570; x_wconf 80' lang='lat' dir='ltr'>arma·</span> 
     </span>
     <span class='ocr_line' id='line_1_39' title="bbox 347 4612 1658 4694; baseline -0.003 -22"><span class='ocrx_word' id='word_1_378' title='bbox 347 4623 428 4672; x_wconf 88' lang='lat' dir='ltr'>tures</span> <span class='ocrx_word' id='word_1_379' title='bbox 451 4613 583 4672; x_wconf 88' lang='lat' dir='ltr'>eiusdem</span> <span class='ocrx_word' id='word_1_380' title='bbox 604 4615 729 4691; x_wconf 85' lang='lat' dir='ltr'>legionis</span> <span class='ocrx_word' id='word_1_381' title='bbox 751 4619 882 4694; x_wconf 90' lang='lat' dir='ltr'>itemque</span> <span class='ocrx_word' id='word_1_382' title='bbox 904 4617 1008 4677; x_wconf 88' lang='lat' dir='ltr'>Raetis</span> <span class='ocrx_word' id='word_1_383' title='bbox 1031 4617 1239 4676; x_wconf 89' lang='lat' dir='ltr'>etViudolicis</span> <span class='ocrx_word' id='word_1_384' title='bbox 1261 4617 1293 4676; x_wconf 91' lang='lat' dir='ltr'>in</span> <span class='ocrx_word' id='word_1_385' title='bbox 1312 4617 1421 4675; x_wconf 80' lang='lat' dir='ltr'>vallem</span> <span class='ocrx_word' id='word_1_386' title='bbox 1436 4617 1596 4675; x_wconf 78' lang='lat' dir='ltr'>Poeninum</span> <span class='ocrx_word' id='word_1_387' title='bbox 1616 4612 1658 4668; x_wconf 89' lang='lat' dir='ltr'>de-</span> 
     </span>
     <span class='ocr_line' id='line_1_40' title="bbox 347 4713 1657 4798; baseline -0.002 -25"><span class='ocrx_word' id='word_1_388' title='bbox 347 4715 454 4788; x_wconf 88' lang='lat' dir='ltr'>ductis,</span> <span class='ocrx_word' id='word_1_389' title='bbox 477 4723 587 4773; x_wconf 91' lang='lat' dir='ltr'>etcum</span> <span class='ocrx_word' id='word_1_390' title='bbox 603 4715 680 4792; x_wconf 83' lang='lat' dir='ltr'>legio</span> <span class='ocrx_word' id='word_1_391' title='bbox 696 4737 782 4777; x_wconf 90' lang='lat' dir='ltr'>eaeo</span> <span class='ocrx_word' id='word_1_392' title='bbox 798 4729 930 4798; x_wconf 90' lang='lat' dir='ltr'>tempore</span> <span class='ocrx_word' id='word_1_393' title='bbox 946 4719 1073 4779; x_wconf 85' lang='lat' dir='ltr'>fortasse</span> <span class='ocrx_word' id='word_1_394' title='bbox 1094 4719 1126 4778; x_wconf 89' lang='lat' dir='ltr'>in</span> <span class='ocrx_word' id='word_1_395' title='bbox 1141 4717 1305 4779; x_wconf 86' lang='lat' dir='ltr'>Germanic</span> <span class='ocrx_word' id='word_1_396' title='bbox 1325 4721 1479 4798; x_wconf 87' lang='lat' dir='ltr'>superiore</span> <span class='ocrx_word' id='word_1_397' title='bbox 1496 4713 1657 4780; x_wconf 79' lang='lat' dir='ltr'>constiterit,</span> 
     </span>
    </p>
   </div>
   <div class='ocr_carea' id='block_1_3' title="bbox 346 4815 1657 5412">
    <p class='ocr_par' dir='ltr' id='par_1_5' title="bbox 346 4815 1657 5412">
     <span class='ocr_line' id='line_1_41' title="bbox 348 4815 1657 4898; baseline -0.002 -23"><span class='ocrx_word' id='word_1_398' title='bbox 348 4817 455 4878; x_wconf 85' lang='lat' dir='ltr'>vallem</span> <span class='ocrx_word' id='word_1_399' title='bbox 477 4815 642 4876; x_wconf 80' lang='lat' dir='ltr'>Poeninum</span> <span class='ocrx_word' id='word_1_400' title='bbox 668 4820 711 4879; x_wconf 84' lang='lat' dir='ltr'>ita</span> <span class='ocrx_word' id='word_1_401' title='bbox 736 4829 811 4880; x_wconf 90' lang='lat' dir='ltr'>tecte</span> <span class='ocrx_word' id='word_1_402' title='bbox 837 4841 906 4880; x_wconf 90' lang='lat' dir='ltr'>cum</span> <span class='ocrx_word' id='word_1_403' title='bbox 932 4823 988 4881; x_wconf 88' lang='lat' dir='ltr'>bac</span> <span class='ocrx_word' id='word_1_404' title='bbox 1010 4821 1163 4898; x_wconf 86' lang='lat' dir='ltr'>provincia</span> <span class='ocrx_word' id='word_1_405' title='bbox 1185 4821 1347 4896; x_wconf 89' lang='lat' dir='ltr'>contribui,</span> <span class='ocrx_word' id='word_1_406' title='bbox 1374 4831 1448 4898; x_wconf 91' lang='lat' dir='ltr'>quot</span> <span class='ocrx_word' id='word_1_407' title='bbox 1472 4821 1576 4890; x_wconf 84' lang='lat' dir='ltr'>verbs,</span> <span class='ocrx_word' id='word_1_408' title='bbox 1600 4815 1657 4875; x_wconf 84' lang='lat' dir='ltr'>toti-</span> 
     </span>
     <span class='ocr_line' id='line_1_42' title="bbox 346 4917 1656 5000; baseline -0.001 -21"><span class='ocrx_word' id='word_1_409' title='bbox 346 4921 414 4979; x_wconf 90' lang='lat' dir='ltr'>dem</span> <span class='ocrx_word' id='word_1_410' title='bbox 441 4939 559 4979; x_wconf 88' lang='lat' dir='ltr'>errores</span> <span class='ocrx_word' id='word_1_411' title='bbox 584 4933 662 4980; x_wconf 88' lang='lat' dir='ltr'>sunt.</span> <span class='ocrx_word' id='word_1_412' title='bbox 707 4920 827 4983; x_wconf 89' lang='lat' dir='ltr'>Scilicet</span> <span class='ocrx_word' id='word_1_413' title='bbox 853 4943 908 4982; x_wconf 91' lang='lat' dir='ltr'>nec</span> <span class='ocrx_word' id='word_1_414' title='bbox 933 4925 1012 5000; x_wconf 87' lang='lat' dir='ltr'>legio</span> <span class='ocrx_word' id='word_1_415' title='bbox 1038 4925 1127 4982; x_wconf 89' lang='lat' dir='ltr'>huius</span> <span class='ocrx_word' id='word_1_416' title='bbox 1154 4925 1261 4983; x_wconf 87' lang='lat' dir='ltr'>aetatis</span> <span class='ocrx_word' id='word_1_417' title='bbox 1287 4923 1382 4982; x_wconf 81' lang='lat' dir='ltr'>levem</span> <span class='ocrx_word' id='word_1_418' title='bbox 1408 4933 1586 4982; x_wconf 87' lang='lat' dir='ltr'>armaturam</span> <span class='ocrx_word' id='word_1_419' title='bbox 1609 4917 1656 4977; x_wconf 85' lang='lat' dir='ltr'>sibi</span> 
     </span>
     <span class='ocr_line' id='line_1_43' title="bbox 346 5022 1656 5102; baseline 0.001 -22"><span class='ocrx_word' id='word_1_420' title='bbox 346 5023 496 5100; x_wconf 89' lang='lat' dir='ltr'>propriam</span> <span class='ocrx_word' id='word_1_421' title='bbox 523 5022 637 5095; x_wconf 91' lang='lat' dir='ltr'>babuit,</span> <span class='ocrx_word' id='word_1_422' title='bbox 663 5042 718 5082; x_wconf 89' lang='lat' dir='ltr'>neo</span> <span class='ocrx_word' id='word_1_423' title='bbox 743 5026 794 5102; x_wconf 90' lang='lat' dir='ltr'>qui</span> <span class='ocrx_word' id='word_1_424' title='bbox 819 5027 946 5102; x_wconf 90' lang='lat' dir='ltr'>primum</span> <span class='ocrx_word' id='word_1_425' title='bbox 972 5027 1065 5102; x_wconf 89' lang='lat' dir='ltr'>pilum</span> <span class='ocrx_word' id='word_1_426' title='bbox 1087 5026 1213 5086; x_wconf 89' lang='lat' dir='ltr'>ducebat</span> <span class='ocrx_word' id='word_1_427' title='bbox 1234 5027 1323 5086; x_wconf 89' lang='lat' dir='ltr'>simul</span> <span class='ocrx_word' id='word_1_428' title='bbox 1344 5026 1511 5086; x_wconf 87' lang='lat' dir='ltr'>auxiliariis</span> <span class='ocrx_word' id='word_1_429' title='bbox 1531 5037 1656 5102; x_wconf 83' lang='lat' dir='ltr'>praeesse</span> 
     </span>
     <span class='ocr_line' id='line_1_44' title="bbox 346 5123 1656 5206; baseline 0.002 -24"><span class='ocrx_word' id='word_1_430' title='bbox 346 5125 452 5200; x_wconf 90' lang='lat' dir='ltr'>potuit,</span> <span class='ocrx_word' id='word_1_431' title='bbox 475 5143 530 5184; x_wconf 90' lang='lat' dir='ltr'>uec</span> <span class='ocrx_word' id='word_1_432' title='bbox 551 5125 588 5184; x_wconf 90' lang='lat' dir='ltr'>de</span> <span class='ocrx_word' id='word_1_433' title='bbox 610 5126 736 5186; x_wconf 86' lang='lat' dir='ltr'>mirifica</span> <span class='ocrx_word' id='word_1_434' title='bbox 755 5127 810 5186; x_wconf 86' lang='lat' dir='ltr'>ille</span> <span class='ocrx_word' id='word_1_435' title='bbox 830 5127 1008 5188; x_wconf 84' lang='lat' dir='ltr'>deductione</span> <span class='ocrx_word' id='word_1_436' title='bbox 1028 5128 1191 5188; x_wconf 86' lang='lat' dir='ltr'>Raetorum</span> <span class='ocrx_word' id='word_1_437' title='bbox 1209 5128 1492 5206; x_wconf 87' lang='lat' dir='ltr'>Vindelicorumque</span> <span class='ocrx_word' id='word_1_438' title='bbox 1511 5128 1540 5188; x_wconf 90' lang='lat' dir='ltr'>iu</span> <span class='ocrx_word' id='word_1_439' title='bbox 1559 5123 1656 5186; x_wconf 86' lang='lat' dir='ltr'>Poeni·</span> 
     </span>
     <span class='ocr_line' id='line_1_45' title="bbox 346 5221 1654 5309; baseline 0.002 -23"><span class='ocrx_word' id='word_1_440' title='bbox 346 5245 401 5286; x_wconf 88' lang='lat' dir='ltr'>nas</span> <span class='ocrx_word' id='word_1_441' title='bbox 428 5227 520 5302; x_wconf 81' lang='lat' dir='ltr'>Alpes</span> <span class='ocrx_word' id='word_1_442' title='bbox 549 5229 707 5304; x_wconf 84' lang='lat' dir='ltr'>quicquam</span> <span class='ocrx_word' id='word_1_443' title='bbox 738 5229 878 5290; x_wconf 87' lang='lat' dir='ltr'>traditum</span> <span class='ocrx_word' id='word_1_444' title='bbox 907 5231 1061 5290; x_wconf 88' lang='lat' dir='ltr'>habemus.</span> <span class='ocrx_word' id='word_1_445' title='bbox 1117 5230 1254 5309; x_wconf 92' lang='lat' dir='ltr'>Denique</span> <span class='ocrx_word' id='word_1_446' title='bbox 1284 5230 1454 5309; x_wconf 89' lang='lat' dir='ltr'>primipilus</span> <span class='ocrx_word' id='word_1_447' title='bbox 1481 5227 1602 5308; x_wconf 74' lang='lat' dir='ltr'>legionis</span> <span class='ocrx_word' id='word_1_448' title='bbox 1624 5221 1654 5282; x_wconf 75' lang='lat' dir='ltr'>sd</span> 
     </span>
     <span class='ocr_line' id='line_1_46' title="bbox 347 5327 1654 5412; baseline 0.002 -26"><span class='ocrx_word' id='word_1_449' title='bbox 347 5337 500 5404; x_wconf 87' lang='lat' dir='ltr'>equestres</span> <span class='ocrx_word' id='word_1_450' title='bbox 523 5329 643 5391; x_wconf 89' lang='lat' dir='ltr'>militias</span> <span class='ocrx_word' id='word_1_451' title='bbox 665 5349 742 5408; x_wconf 90' lang='lat' dir='ltr'>quae</span> <span class='ocrx_word' id='word_1_452' title='bbox 763 5341 929 5408; x_wconf 89' lang='lat' dir='ltr'>sequuntur</span> <span class='ocrx_word' id='word_1_453' title='bbox 954 5351 1142 5410; x_wconf 86' lang='lat' dir='ltr'>nequaquam</span> <span class='ocrx_word' id='word_1_454' title='bbox 1168 5335 1309 5412; x_wconf 86' lang='lat' dir='ltr'>pertinet,</span> <span class='ocrx_word' id='word_1_455' title='bbox 1339 5333 1392 5392; x_wconf 88' lang='lat' dir='ltr'>sed</span> <span class='ocrx_word' id='word_1_456' title='bbox 1417 5334 1476 5394; x_wconf 90' lang='lat' dir='ltr'>hoc</span> <span class='ocrx_word' id='word_1_457' title='bbox 1500 5333 1540 5392; x_wconf 90' lang='lat' dir='ltr'>ait</span> <span class='ocrx_word' id='word_1_458' title='bbox 1564 5327 1654 5390; x_wconf 76' lang='lat' dir='ltr'>titulus</span> 
     </span>
    </p>
   </div>
   <div class='ocr_carea' id='block_1_4' title="bbox 0 0 1770 5972">
    <p class='ocr_par' dir='ltr' id='par_1_6' title="bbox 0 0 1770 5972">
     <span class='ocr_line' id='line_1_47' title="bbox 0 0 1770 5972; baseline 0 1"><span class='ocrx_word' id='word_1_459' title='bbox 0 0 1770 5972; x_wconf 95' lang='lat' dir='ltr'> </span> 
     </span>
    </p>
   </div>
  </div>
 </body>
</html>
