3532 5964
115 578 140 624 rs
686 571 839 620 sunnin.
938 583 941 588 ·
1377 549 1425 622 43

140 745 250 805 Similes
277 755 347 804 sunt
378 745 455 804 tituli
477 745 628 803 honorarii
652 763 728 819 quos
751 753 917 819 posuerunt
937 745 1038 804 Italici
1060 749 1125 820 qoee'
1148 745 1264 821 Arpeis
1286 750 1430 822 nepotian-

109 861 146 906 tar
170 848 271 908 aoso
296 848 440 924 (vollll
464 867 492 906 n.
514 847 588 921 531)
632 847 828 922 similiterque
870 845 1312 924 a.687(v01.111n.532);
1357 851 1429 907 cioca

107 953 214 1009 Romani
249 955 298 1026 qai
329 950 495 1027 Mytilenen
530 951 713 1024 nepottontnr
745 969 772 1007 a.
800 948 858 1006 723
898 947 973 1023 (vol.
1006 949 1051 1007 llI
1084 971 1112 1008 n.
1135 949 1225 1024 455);
1265 970 1289 1008 c.
1318 951 1354 1009 R.
1381 954 1431 1026 qni

111 1051 194 1130 Cprt'ci
218 1052 399 1128 [consistant]
426 1061 453 1110 et
477 1049 633 1128 Oezalcem]
660 1049 787 1109 Claudio
815 1051 987 1128 imperatori
1015 1051 1121 1129 (supra
1147 1073 1173 1110 n.
1192 1051 1261 1128 53);
1395 1071 1433 1128 qa

108 1158 237 1230 Apameae
260 1159 443 1230 nepotiantur
468 1173 546 1212 anno
572 1154 685 1212 incerto
714 1152 787 1228 (vol.
802 1153 850 1212 Ill
872 1173 900 1211 n.
917 1153 1007 1230 365);
1047 1157 1119 1212 cives
1140 1155 1264 1212 Romani
1285 1173 1318 1213 ec
1338 1153 1429 1212 Italia

107 1269 127 1316 et
152 1259 213 1315 olr'is
238 1261 396 1333 provinciis
422 1260 453 1313 in
474 1256 578 1313 Raetia
606 1259 786 1314 consistentes
816 1257 980 1332 imperante
1007 1256 1064 1315 Pio
1091 1255 1165 1330 (vol.
1188 1255 1237 1314 III
1265 1277 1295 1314 n.
1317 1255 1429 1332 5212);

109 1365 169 1419 rieea
188 1361 310 1418 linnoni
332 1363 383 1434 qni
403 1361 585 1434 nepotiontar
606 1357 789 1433 Bracor(ae)
810 1357 985 1435 depastae)
1015 1358 1202 1434 magistratui
1225 1359 1341 1416 cuidam
1364 1376 1429 1416 sas·

109 1463 163 1520 colo
183 1463 312 1520 secondo
335 1461 408 1537 (vol.
424 1461 455 1518 ll
479 1481 507 1518 n.
525 1459 636 1536 2423);
662 1461 733 1519 item
756 1459 872 1519 Graece
895 1462 1029 1538 concepti
1051 1458 1067 1528 ἦ
1092 1451 1177 1520 na'loc
1198 1457 1215 1530 ἦ
1237 1461 1294 1518 τῶν
1312 1453 1429 1518 Ἠλείων

109 1555 306 1639 adloquia]
323 1563 345 1620 οἱ
361 1561 544 1644 ἔνγαροῦντες
565 1561 659 1640 (quod
676 1563 851 1622 vocabulum
867 1573 1022 1640 praeterea
1044 1583 1103 1621 non
1119 1562 1279 1640 reperitur)
1300 1562 1335 1622 P.
1352 1563 1432 1621 Alfio

109 1667 197 1724 Primo
216 1667 379 1744 Olympiae
402 1665 629 1743 (Dittsnberger
650 1665 802 1724 Arclceol.
818 1665 941 1742 Zeitonp
960 1665 1037 1726 1877
1060 1685 1090 1742 p.
1108 1665 1173 1743 38),
1194 1656 1358 1732 Ἀθηναίων
1381 1655 1431 1722 καὶ

108 1762 234 1834 'Panaima
252 1759 301 1826 nal
321 1771 377 1826 τῶν
396 1755 491 1826 ἄλλων
507 1757 595 1844 ξένων
611 1767 632 1824 oi
647 1769 842 1828 amaricatione
855 1757 903 1825 aul
916 1764 1113 1849 παρεπιδημοιῒ
1115 1790 1175 1829 ντες
1190 1766 1218 1824 ἒν
1232 1757 1316 1842 Δῆλῳ
1332 1767 1431 1826 Theo·

110 1873 218 1949 phrasto
240 1881 270 1930 et
291 1871 360 1930 aliis
382 1871 571 1929 curatoribus
593 1870 664 1928 Deli
688 1869 737 1946 (C.
754 1871 777 1928 I.
794 1869 849 1930 Gr.
871 1869 961 1930 2286.
985 1869 1065 1929 2288
1082 1871 1118 1928 cl.
1137 1870 1231 1946 2287)
1255 1869 1374 1946 aliique.
1392 1904 1430 1912 -

111 1973 287 2052 Significatur
314 1973 422 2049 opinor
447 1993 507 2032 non
530 1975 568 2030 Δ.
592 1972 752 2031 Terentius
775 1975 812 2030 A.
836 1973 856 2031 f.
874 1972 971 2031 Varro
993 1973 1119 2032 Murena
1141 1973 1191 2049 qui
1214 1973 1303 2049 periit
1324 1974 1430 2031 consul

110 2097 130 2134 a
149 2097 174 2134 u.
193 2097 217 2134 c.
234 2077 292 2136 731
323 2075 462 2152 (Henzen
484 2096 513 2134 n.
531 2075 641 2150 5311),
676 2095 745 2133 narn
774 2075 918 2134 Murenae
947 2076 1102 2148 vocabulo,
1133 2076 1213 2152 quod
1243 2075 1269 2133 is
1297 2075 1432 2134 omittere

111 2198 157 2238 non
187 2179 302 2250 debuit,
339 2179 369 2235 in
403 2178 459 2236 hoo
491 2177 579 2235 titulo
612 2177 696 2235 locus
732 2195 790 2234 non
824 2186 885 2250 est,
925 2177 1031 2237 deinde
1070 2179 1119 2236 hic
1159 2177 1264 2235 titulus
1304 2185 1431 2237 aetatem

109 2301 169 2358 prae
196 2299 227 2339 se
253 2282 311 2338 sert
338 2279 449 2338 liberae
476 2280 518 2337 rei
546 2279 683 2355 publicae
711 2277 892 2338 extremam.
929 2279 1016 2338 Hanc
1044 2282 1082 2338 ob
1110 2298 1230 2338 oausam
1253 2299 1311 2338 non
1335 2282 1431 2359 magis

110 2384 221 2462 rogitari
246 2393 345 2459 potest
372 2383 408 2440 de
430 2384 468 2439 A.
491 2381 634 2440 Terentio
650 2382 786 2440 Varrone
813 2383 864 2458 qui
891 2403 918 2440 a.
935 2381 993 2441 587
1017 2382 1094 2440 inter
1121 2381 1196 2441 alios
1223 2400 1270 2441 res
1292 2383 1429 2441 Macedo·

109 2487 167 2544 niae
187 2485 334 2544 ordinavit
360 2484 441 2560 (Liv.
463 2485 588 2557 45,17;
616 2483 653 2543 cl.
676 2483 889 2561 Dittenberger
908 2485 1053 2543 arctaeol.
1075 2485 1195 2559 Zeitanp
1220 2484 1298 2542 1878
1321 2504 1350 2561 p.
1368 2485 1431 2560 87).

109 2587 205 2646 Potius
225 2587 324 2664 agitur
346 2587 383 2645 ds
405 2585 547 2646 Terentio
563 2584 700 2644 Varrone
723 2604 775 2657 eo,
799 2586 849 2661 qui
872 2587 897 2644 si
919 2587 992 2644 fides
1015 2594 1063 2645 est
1083 2587 1121 2646 iis
1143 2587 1194 2661 qui
1217 2585 1359 2644 Verrinas
1382 2588 1432 2645 ad·

110 2698 274 2748 mutarerunt
295 2689 339 2765 (v.
362 2689 392 2746 in
415 2689 473 2747 dir.
494 2688 522 2760 7,
544 2687 583 2745 24
605 2687 902 2747 Pseudo-Asconius
924 2708 953 2764 p.
974 2688 1045 2760 109;
1068 2686 1280 2747 Gronovianus
1301 2709 1331 2764 p.
1348 2687 1432 2763 398),

111 2811 133 2848 a.
149 2793 202 2851 679
224 2812 263 2850 cx
278 2792 356 2850 Asia
377 2792 532 2868 provincia
552 2790 785 2866 repetundarum
807 2799 965 2849 accusatus
989 2799 1035 2848 est
1057 2789 1107 2866 (cl.
1123 2790 1326 2867 Waddington
1337 2793 1432 2866 sactes

112 2893 195 2952 Anat.
215 2916 244 2971 p.
261 2895 300 2953 44
325 2895 369 2952 ed.
392 2894 486 2969 mim).
533 2891 629 2964 Quam
658 2894 840 2968 provinciam
870 2893 1082 2952 administrans
1104 2893 1179 2951 bene
1200 2911 1313 2950 merere
1335 2892 1433 2970 potuit

113 2996 143 3052 de
166 2996 399 3075 negotiatoribus
420 2995 564 3053 Deliacis.
601 2993 661 3052 Hic
682 3006 780 3054 autern
803 3013 880 3054 unus
902 3015 940 3053 ex
962 2995 1058 3054 titulis
1081 2995 1230 3053 similibus
1253 3013 1318 3052 oum
1342 3013 1432 3070 nego-

112 3099 254 3158 tiatoribus
281 3097 397 3157 Italicis
426 3095 559 3156 Graecos
585 3097 753 3174 coniungit3
788 3117 856 3156 nam
883 3097 961 3174 quod
989 3098 1019 3154 in
1048 3095 1198 3173 cyziceno
1225 3096 1431 3155 dedicantibus

112 3200 207 3260 incolis
227 3201 341 3260 Italicis
364 3199 565 3277 adiunguntur
587 3199 668 3258 cives
691 3197 844 3278 Cyziceni,
867 3200 1016 3260 diversum
1039 3207 1091 3258 est.

607 3761 775 3822 sennua
797 3763 841 3841 (p.
858 3766 920 3836 aa).

119 3989 155 4049 78
174 3993 201 4050 in
223 3993 336 4052 tabella
358 3992 437 4052 tenui
460 4011 498 4050 ex
521 4011 667 4050 marmore
689 3993 827 4050 caeruleo
850 3991 976 4069 Spartae
999 4011 1093 4050 novae
1115 3993 1145 4049 in
1169 4009 1282 4050 museo.

728 4281 749 4322 U
768 4280 783 4320 Ε
804 4280 824 4320 Ν
841 4281 861 4323 U
878 4280 899 4319 N

723 4382 900 4424 amttam

703 4482 898 4526 'suosacvt

715 4585 795 4627 {svs
816 4586 862 4626 ΑΙ)

116 4957 269 5038 Lollingius
291 4962 381 5020 misit.

149 5063 285 5123 Fortasse
307 5082 377 5141 pars
398 5063 537 5140 rescripti
560 5063 689 5122 alicuius
712 5063 903 5138 imperatorii.
