3390 5970
66 1633 439 1749 llVNllRIBVS
472 1469 885 1748 mtttliissvs
914 1633 1398 1752 GENTVRIONATV

502 1800 963 1916 INFERIORIBVS.

67 2123 249 2266 Munera
270 2207 414 2265 militaria
435 2207 553 2266 minora
573 2208 676 2284 qualia
696 2208 808 2266 fuerint
826 2218 856 2265 et
874 2227 934 2284 qua
946 2209 1062 2266 ratione
1076 2226 1130 2284 per
1145 2207 1280 2266 diverses
1295 2217 1395 2285 partes

70 2311 214 2368 exercitus
238 2309 368 2366 Romani
389 2309 562 2382 distributa,
586 2329 651 2368 cum
674 2311 877 2386 quaerendum
901 2310 973 2368 mihi
995 2309 1236 2387 proposuissem,
1259 2312 1397 2388 exempla

69 2429 164 2470 eorum
188 2412 400 2489 epIgraphica,
423 2413 523 2487 quoad
544 2412 641 2470 lacere
662 2413 760 2490 potui,
787 2412 889 2470 omnia
909 2411 1025 2488 collegi.
1070 2409 1130 2470 Sed
1152 2421 1313 2489 postquam
1336 2433 1396 2472 ma-

71 2513 167 2571 teriam
190 2514 351 2572 collectam
374 2513 509 2590 digerere
531 2515 630 2592 coepi,
659 2534 730 2573 mox
758 2516 893 2574 intellexi
915 2532 1026 2591 paucas
1050 2532 1116 2572 esse
1138 2533 1203 2586 res,
1229 2515 1396 2591 dequibus

69 2615 116 2673 illa
137 2635 212 2676 usus
236 2616 390 2674 scientiam
413 2617 545 2674 virorum
568 2617 722 2676 doctorum
749 2627 800 2676 aut
825 2635 934 2693 augere
960 2623 1013 2674 aut
1039 2616 1187 2692 corrigere
1212 2634 1301 2693 posse
1323 2617 1395 2676 mihi

70 2717 186 2776 viderer.
234 2717 349 2776 Tamen
377 2719 516 2794 quoniam
545 2739 605 2777 non
631 2719 813 2792 dubitabam,
843 2719 916 2796 quin
942 2717 994 2776 alii
1019 2727 1130 2789 essent,
1158 2718 1266 2794 quibus
1291 2719 1395 2778 eadem

70 2820 197 2877 subsidia
222 2821 364 2878 maiorem
387 2837 474 2878 usum
496 2821 638 2896 praebere
660 2833 796 2898 possent,
818 2822 919 2879 omnia
940 2820 1050 2896 publici
1071 2820 1146 2880 iurIs
1169 2821 1267 2880 Iacere
1286 2823 1395 2880 consti-

71 2923 118 2979 tui.
158 2923 212 2982 Ad
235 2923 395 2980 solvendas
413 2927 620 2998 quaestiones,
648 2943 726 3000 quae
753 2933 823 2982 sunt
844 2924 880 2980 de
902 2925 1090 2998 promotione
1112 2925 1334 3000 principalium,
1357 2925 1394 2986 de

71 3022 255 3083 distinctione
280 3025 491 3100 signiferorum
514 3033 543 3083 et
565 3027 805 3098 vexillariorum,
833 3026 869 3084 de
896 3025 966 3084 aliis
992 3026 1159 3084 minoribus
1186 3027 1293 3100 rebus,
1322 3029 1395 3104 quid

72 3124 130 3200 ipse
156 3127 347 3200 contulerim,
379 3127 467 3186 facile
497 3127 639 3187 videbunt
664 3129 752 3187 huius
778 3129 896 3205 generis
923 3128 1024 3205 periti,
1058 3128 1109 3203 qui
1135 3129 1290 3206 catalogos
1316 3131 1394 3190 inira

72 3229 191 3306 scriptos
217 3230 407 3308 perlegerint.
451 3228 575 3289 Ceterae
604 3232 804 3307 expectabunt
832 3249 954 3306 operam
980 3230 1136 3304 doctioris,
1164 3233 1213 3290 cui
1237 3233 1393 3292 materiam

71 3347 123 3386 nou
148 3331 214 3391 sine
240 3333 343 3391 labore
371 3333 524 3392 collectam
553 3343 582 3391 et
608 3342 690 3392 certa
714 3333 828 3392 ratione
850 3333 1029 3410 dispositam
1052 3333 1293 3410 suppeditavisse
1320 3337 1393 3396 satis

72 3430 188 3493 habeba.

145 3537 267 3616 Perlegi
290 3540 424 3616 corporis
446 3539 673 3615 inscriptionum
692 3537 866 3597 Latinarum
885 3557 921 3596 ea
937 3539 1097 3611 volumina,
1121 3558 1198 3614 quae
1213 3540 1296 3598 edita
1311 3551 1390 3614 sunt,

73 3654 130 3694 cum
151 3641 361 3698 additamentis
384 3641 415 3698 in
437 3642 495 3698 hac
516 3641 705 3718 ephemeride
727 3641 824 3712 editis,
851 3650 1006 3716 praeterea
1027 3643 1136 3714 octavi,
1167 3643 1248 3715 noui,
1275 3643 1390 3715 decimi,

74 3741 209 3800 undecimi
232 3743 417 3801 voluminum
439 3761 491 3802 eas
513 3754 624 3820 partes,
647 3762 723 3818 quae
746 3744 805 3802 iam
827 3744 908 3820 typis
930 3744 1093 3818 impressae
1116 3751 1194 3817 sunt,
1217 3751 1247 3802 et
1260 3744 1390 3820 reliqua·

73 3857 130 3898 rum
150 3845 279 3920 partium
301 3844 438 3917 schedas,
461 3863 536 3920 quas
559 3863 663 3904 omues
677 3845 881 3904 Mommsenus
897 3853 925 3902 et
940 3845 1130 3903 Burmannus
1152 3863 1269 3904 summa
1282 3846 1389 3906 libera-

73 3940 146 4003 litate
167 3947 240 4006 mihi
261 3947 468 4024 permiserunt.
506 3949 663 4006 Accedunt
684 3967 791 4024 corpus
814 3949 1041 4025 inscriptionum
1062 3947 1274 4006 Rhenanarum
1296 3964 1326 4006 et
1346 3950 1389 4006 in-

76 4047 256 4122 scriptionum
277 4047 461 4108 Gallicarum
484 4050 675 4108 collectiones
695 4071 713 4108 a
727 4051 893 4109 Boissierio
916 4058 946 4107 et
967 4049 1117 4124 Herzogio
1138 4050 1243 4110 iactae.
1277 4051 1389 4110 Titulis

74 4147 222 4224 Africanis,
244 4170 370 4227 quorum
392 4152 480 4228 longo
501 4154 632 4211 maxime
653 4172 724 4230 pars
747 4154 777 4211 in
801 4151 945 4230 Corporis
967 4152 1117 4210 volumine
1130 4151 1204 4210 VIII
1227 4155 1307 4232 typis
1328 4155 1388 4212 iam

76 4250 209 4324 inpressa
234 4261 295 4324 est,
322 4264 440 4330 praeter
465 4273 606 4314 numeros
636 4256 700 4314 eius
725 4255 885 4314 voluminis
913 4255 1002 4312 etiam
1028 4273 1167 4313 numeros
1188 4254 1310 4314 Renieri
1336 4257 1389 4314 ad-

76 4353 179 4429 scripsi.
212 4356 332 4416 Titulos
349 4355 482 4416 Graecos
505 4377 543 4415 ex
565 4358 661 4416 indice
676 4358 796 4415 Roehlii
819 4357 961 4414 collectos
982 4356 1115 4428 adhibui,
1136 4375 1317 4434 quamquam
1332 4378 1388 4418 nec

77 4455 149 4513 multi
171 4469 240 4517 sunt
262 4477 316 4517 nec
338 4479 463 4538 magnae
490 4459 521 4516 in
550 4459 606 4516 hoc
633 4478 741 4535 genere
766 4459 913 4518 utilitatis.
957 4458 1083 4516 Munera
1103 4459 1244 4518 militaria
1265 4479 1301 4518 ca
1322 4470 1386 4518 tan·

76 4565 127 4615 tum
148 4562 366 4639 comprehendi,
388 4581 463 4639 quae
485 4571 537 4620 aut
557 4562 637 4620 intra
659 4563 792 4620 ordinem
813 4561 1010 4638 promotionis
1025 4562 1126 4636 posita
1143 4573 1221 4634 suut,
1245 4562 1282 4620 ad
1297 4580 1386 4638 quem

77 4665 212 4736 tamquam
233 4664 322 4723 linem
344 4676 408 4723 tota
428 4665 638 4724 commentatio
661 4665 766 4736 tendit,
795 4671 846 4721 aut
873 4663 934 4720 alia
959 4663 1072 4720 ratione
1099 4681 1166 4722 cum
1189 4664 1295 4722 ceteris
1318 4682 1385 4722 cou-

76 4758 170 4824 iuucta
205 4765 334 4825 Exclusi
355 4768 447 4844 igitur
468 4767 642 4825 classiarios
665 4775 695 4825 ct
716 4767 877 4836 technicos,
900 4775 1055 4842 praeterea
1068 4773 1219 4838 evocatos,
1241 4784 1318 4842 quos
1334 4785 1386 4825 nu-

76 4879 121 4934 per
138 4866 283 4928 Iohannes
307 4867 441 4928 Schmidt
466 4869 694 4945 diligentissima
720 4869 893 4944 quaestione
919 4869 1065 4926 tractavit.
1109 4867 1208 4928 Omisi
1233 4869 1320 4927 etiam
1350 4889 1387 4928 ea

77 4969 194 5042 nomina,
220 4989 297 5048 quae
324 4991 391 5030 cum
418 4972 511 5030 semel
533 4972 580 5031 vel
603 4971 649 5029 bis
671 4970 867 5044 reperiantur,
893 4971 1114 5042 incertumst,
1141 4979 1240 5028 utrum
1261 4989 1387 5029 munera

78 5066 200 5131 militaria
220 5073 388 5150 significent
409 5093 508 5133 neone.
553 5071 633 5132 Nam
654 5072 798 5132 nonnulla
819 5073 967 5131 immerito
994 5093 1012 5130 a
1038 5073 1109 5131 viris
1137 5073 1231 5132 doctIs
1258 5073 1315 5130 huc
1339 5092 1386 5130 re·

79 5161 131 5227 latu
155 5193 219 5234 esse
249 5183 383 5253 apertum
415 5185 468 5235 est.
524 5177 553 5233 A
583 5175 676 5234 titulis
710 5174 815 5234 aetatis
848 5173 1037 5234 Diocletiauo
1068 5175 1219 5234 Inferioris
1252 5173 1384 5233 abstinui
