3390 5970
307 609 380 682 328
836 629 1111 684 annrrsusrvna
1579 635 1620 684 aa

305 807 356 882 qui
378 813 424 866 eet
446 805 483 864 ad
506 805 605 865 scalas
620 823 638 864 a
654 814 738 882 parte
759 799 917 880 dextra¹).
956 802 1045 878 Quod
1068 824 1135 864 cum
1157 807 1252 877 lieret,
1274 826 1303 866 n.
1320 803 1470 878 23851,6
1492 807 1619 866 inferioris

304 909 400 985 partis
428 908 507 966 latns
538 908 693 968 sinistrum
721 907 839 966 videtur
865 906 1016 966 desectum
1044 916 1074 966 et
1099 907 1247 982 perditum
1275 925 1353 966 esse.
1403 905 1503 981 Quare
1522 909 1619 968 litteras

304 1025 564 1071 canscsrtvraucra
593 1009 721 1086 obliquis
751 1010 980 1086 exprimendum
1008 1009 1120 1068 curavi.
1177 1007 1319 1068 Ceterum
1351 1019 1429 1068 recte
1456 1011 1528 1068 haec
1555 1011 1618 1086 frag·
1682 1025 1683 1074 1

304 1121 405 1172 menta
435 1131 482 1171 me
514 1113 708 1170 coniunxisse
739 1130 806 1170 cnm
841 1131 873 1168 re
910 1111 978 1189 ipsa
1007 1119 1103 1190 patet,
1142 1120 1220 1183 turn,
1259 1112 1430 1188 quicunque
1464 1116 1618 1188 scripturam

304 1215 534 1284 examinaverit,
562 1213 730 1272 certissime
753 1214 934 1274 edocebitur.
977 1211 1080 1273 Solum
1103 1234 1132 1273 ιι.
1149 1213 1263 1286 23858,
1280 1211 1319 1272 20
1342 1234 1413 1273 num
1436 1214 1468 1273 in
1489 1231 1567 1274 sunm
1585 1215 1620 1273 lo·

304 1335 371 1376 cum
395 1336 464 1376 vere
490 1327 661 1374 revocatum
689 1317 729 1374 sit
754 1316 890 1374 dubitare
917 1315 994 1374 licet.
1040 1313 1161 1376 Sed'ex
1183 1317 1301 1376 duobus
1323 1316 1499 1393 fragmentis
1522 1316 1618 1373 -hoe

303 1421 340 1479 de
363 1438 422 1495 quo
445 1419 546 1496 agitur
567 1427 597 1476 et
619 1437 646 1476 n.
664 1417 812 1490 238882
837 1452 875 1461 -
899 1419 948 1476 uni
972 1418 1056 1476 illurn
1079 1419 1177 1476 locum
1200 1420 1303 1494 utique
1325 1418 1427 1478 deberi
1443 1419 1619 1478 mihicerturu

302 1523 430 1584 videtur.
465 1519 541 1580 Cum
558 1520 682 1578 enimin
699 1521 851 1596 utriusque
873 1520 967 1578 latere
990 1521 1112 1580 sinistro
1130 1520 1247 1580 litterae
1269 1521 1390 1580 omnino
1407 1539 1468 1579 non
1484 1523 1548 1591 sint,
1566 1540 1619 1598 per·
1683 1597 1684 1602 η

301 1625 428 1686 tinuisse
450 1631 602 1700 nequeunt
623 1623 683 1681 nisi
706 1623 744 1680 ad
766 1623 848 1682 basis
871 1623 968 1681 latera
990 1632 1042 1682 aut
1063 1623 1201 1682 dextrum
1224 1633 1276 1682 ant
1298 1623 1465 1682 sinistrum.
1500 1621 1619 1700 Namque
1683 1613 1684 1664 ἶ

303 1727 431 1786 anticam
459 1733 574 1784 tantum
602 1735 632 1784 et
655 1724 800 1801 posticam
823 1725 852 1782 in
876 1735 961 1802 parte
984 1725 1090 1784 dextra
1112 1725 1268 1803 superiore
1290 1725 1401 1784 litteris
1423 1743 1543 1787 vacasse
1561 1726 1619 1802 quin

303 1838 470 1888 statuamus
492 1827 565 1888 nihil
588 1827 696 1886 obstat.
741 1826 800 1884 Illa
821 1827 915 1898 enim,
943 1836 974 1886 ut
994 1845 1054 1904 qua
1076 1828 1279 1886 contineretur
1300 1827 1461 1898 dedicatio,
1482 1835 1556 1888 certe
1574 1845 1619 1885 non

302 1940 367 1992 tota
393 1931 502 1990 litteris
530 1939 676 2006 occupata
702 1938 776 1988 erat.
819 1929 961 1988 Poeticae
983 1937 1082 1988 autem
1104 1930 1255 1990 sinistram
1279 1936 1395 2007 partem
1418 1929 1513 1988 solam
1533 1929 1620 1988 inseri·

302 2042 385 2112 ptam
412 2033 507 2092 fuisse
534 2031 602 2090 iude
631 2031 767 2102 efficitur,
797 2031 878 2106 quod
906 2031 1063 2107 complura
1090 2032 1272 2108 fragmenta,
1300 2051 1379 2108 quae
1406 2032 1528 2090 sinistro
1552 2031 1618 2088 basis

302 2136 388 2193 lateri
417 2135 496 2194 haud
523 2134 611 2192 dubie
640 2133 799 2192 tribuenda
825 2143 909 2206 sunt,
938 2152 956 2190 a
983 2135 1047 2192 suia
1074 2135 1210 2210 partibus
1238 2134 1372 2193 sinistris
1399 2134 1507 2192 litteris
1528 2151 1619 2192 ament.

304 2235 450 2310 Quaestio
474 2236 566 2312 igitur
592 2237 622 2294 in
650 2255 685 2294 eo
713 2245 828 2294 tantum
851 2245 998 2308 versatur,
1026 2255 1097 2294 num
1124 2237 1300 2313 fragmentis
1323 2257 1351 2294 n.
1370 2235 1488 2308 23858,
1507 2235 1544 2294 20
1563 2233 1618 2294 812

302 2339 369 2398 1888
394 2339 454 2398 sint
478 2338 631 2397 mutanda.
652 2371 693 2382 —
719 2337 759 2396 N.
776 2337 929 2410 23858,7
953 2356 1019 2396 cum
1047 2338 1085 2396 ad
1112 2356 1282 2414 supremam
1310 2338 1393 2396 basis
1415 2347 1528 2416 partem
1548 2337 1619 2412 perti·

302 2441 414 2512 nuerit,
442 2441 606 2498 secundnm
633 2459 670 2499 ea
696 2457 772 2516 quae
799 2439 889 2498 modo
918 2439 1061 2516 exposui,
1088 2441 1119 2497 in
1145 2439 1236 2499 aliurn
1259 2441 1358 2499 locum
1381 2449 1471 2516 atquc
1492 2439 1618 2508 inillam,

301 2543 334 2602 in
356 2561 414 2620 quo
438 2543 535 2620 posui,
558 2542 642 2602 nullo
664 2540 753 2600 modo
777 2542 912 2618 quadrat.
952 2540 1032 2599 Tota
1053 2542 1136 2601 basis
1159 2561 1198 2600 m.
1214 2541 1285 2613 0,68
1309 2559 1416 2601 crassa
1438 2551 1468 2600 et
1488 2542 1552 2620 plus
1571 2559 1620 2597 ne·

301 2655 347 2704 tro
374 2646 437 2704 alta
463 2645 527 2703 luit.
573 2643 791 2720 [Adiunximus
817 2661 873 2704 nos
900 2643 1069 2720 fragmenta
1096 2661 1172 2720 quae
1198 2644 1317 2703 luerunt
1345 2644 1463 2703 anticas
1489 2663 1516 2702 n.
1532 2640 1619 2702 23338

302 2757 332 2807 a
355 2747 480 2822 asera]

345 2848 474 2910 Sinistro
496 2850 579 2908 basis
602 2849 690 2908 lateri
711 2848 802 2908 tribui
823 2847 990 2924 fragmenta
1012 2867 1041 2909 n.
1058 2845 1171 2922 23888,
1189 2848 1217 2906 2.
1237 2847 1284 2908 18.
1303 2847 1351 2906 12.
1368 2847 1396 2906 9.
1417 2847 1616 2924 14.10,praa-
1685 2821 1686 2850 *

302 2961 385 3010 terea
406 2971 434 3009 n.
452 2949 565 3024 23888,
588 2952 615 3011 8.
631 2953 660 3022 4,
683 2951 795 3028 quippe
818 2969 894 3026 quac
917 2957 1042 3028 aparte
1065 2949 1172 3008 dextra
1193 2951 1310 3010 litteras
1331 2969 1390 3010 non
1413 2953 1574 3012 exhibeant

342 3054 472 3113 Restant
498 3053 665 3130 fragmenta
693 3069 748 3112 sex
778 3051 840 3126 (vel
868 3063 982 3128 septem
1011 3085 1049 3094 —
1078 3071 1147 3111 nam
1173 3054 1239 3112 n.9
1270 3053 1308 3112 81.
1337 3071 1419 3130 corp.
1449 3055 1536 3114 inscr.
1562 3052 1615 3112 add.

300 3178 329 3234 p.
347 3155 407 3215 868
430 3173 486 3231 ego
508 3173 567 3212 nou
590 3156 736 3231 repperi),
764 3156 874 3230 quibus
896 3155 964 3212 loca
985 3161 1067 3213 certa
1088 3155 1243 3232 assignare
1265 3173 1326 3214 non
1348 3156 1446 3231 potui:
1474 3175 1501 3214 n.
1517 3155 1543 3214 3.
1558 3157 1581 3213 4.
1594 3155 1615 3212 8.

301 3260 330 3317 6.
348 3259 365 3316 7
384 3283 420 3308 =
437 3257 492 3328 Vl,
508 3255 622 3328 23858,
642 3259 689 3316 18.
705 3258 733 3318 3.
751 3255 799 3315 23.
818 3256 866 3314 21.
886 3257 933 3328 16,
957 3257 1085 3334 deniqne
1108 3275 1135 3316 n.
1153 3257 1171 3316 8
1188 3282 1225 3308 =
1243 3256 1296 3328 VI,
1312 3255 1427 3330 23888,
1445 3256 1484 3317 29
1505 3257 1546 3333 (in
1561 3257 1614 3314 add.

300 3379 328 3436 p.
353 3359 441 3434 868),
472 3379 532 3418 ιιοιι
560 3359 713 3418 diversum
740 3379 758 3416 a
783 3379 812 3416 n.
840 3357 957 3430 23888,
983 3357 1036 3432 23,
1069 3359 1129 3418 8181
1156 3359 1237 3436 qnod
1267 3360 1336 3418 huic
1369 3361 1509 3437 exemplo
1534 3359 1615 3436 plnres

300 3479 417 3521 errores
449 3461 613 3519 inhaerent.
663 3462 698 3520 Id
731 3461 770 3520 ad
803 3461 880 3518 banc
911 3460 1025 3530 basim,
1058 3461 1095 3519 88
1124 3479 1184 3536 qua
1213 3463 1322 3540 agitur,
1357 3479 1417 3520 non
1446 3463 1484 3521 ad
1511 3462 1615 3520 alteram

300 3585 329 3622 n.
347 3563 441 3636 2388,
469 3577 498 3622 et
520 3563 676 3622 marmoris
699 3570 728 3622 et
750 3563 915 3622 litterarum
939 3563 1056 3640 species
1079 3563 1240 3622 manifesto
1262 3573 1414 3623 revocant.
1432 3598 1471 3608 -
1497 3561 1614 3624 Ceterum

299 3667 371 3726 nolo
393 3675 490 3726 tacere
510 3665 692 3743 fragmenta,
715 3684 794 3741 quae
817 3677 888 3724 sunt
908 3666 939 3723 in
963 3663 1037 3724 c1.
1055 3663 1091 3724 L.
1109 3664 1294 3737 Vl,2393d
1312 3673 1342 3724 et
1361 3665 1479 3738 23948,
1506 3667 1614 3725 fortasse

299 3767 337 3826 ad
365 3769 452 3828 huius
479 3769 562 3826 basis
589 3769 719 3826 anticam
746 3768 908 3842 pertinere,
938 3785 956 3824 a
980 3785 1040 3842 qua
1062 3787 1117 3826 nec
1139 3768 1296 3826 marmoris
1320 3786 1374 3826 nec
1395 3768 1555 3826 litterarum
1575 3784 1614 3825 ns·

299 3878 368 3928 tura
393 3869 542 3930 differunt.
593 3868 786 3946 [Coniectura
812 3877 860 3928 est
884 3879 979 3939 recta3
1011 3869 1049 3928 cf.
1076 3888 1153 3945 quae
1180 3887 1273 3945 supra
1300 3869 1492 3946 addidimus]
1519 3901 1554 3913 -
1573 3867 1613 3937 Vl,

300 3970 466 4042 2385811
493 3979 651 4050 postquam
675 3991 713 4030 ex
735 3971 850 4048 pariete
872 3971 1007 4030 evulsum
1030 3979 1078 4031 est
1098 3972 1225 4049 cognovi
1246 3989 1307 4029 non
1328 3989 1396 4030 esse
1417 3973 1506 4032 huius
1527 3971 1601 4032 basia

341 4074 523 4150 Fragmenta
543 4095 572 4132 ιι.
590 4073 707 4146 23858,
732 4073 767 4130 ltl
791 4083 821 4132 et
844 4073 884 4131 24
912 4093 978 4132 cum
1001 4073 1111 4150 lapidis
1135 4085 1243 4133 natura
1265 4081 1328 4132 tum
1350 4075 1515 4133 litterarum
1535 4075 1613 4132 forna

299 4177 386 4236 docet
400 4195 419 4233 a
433 4177 540 4235 ceteris
557 4175 726 4251 separanda
747 4193 825 4249 esse,
847 4175 1055 4252 coniungenda
1075 4194 1143 4234 cum
1165 4195 1194 4233 n.
1212 4175 1332 4249 23888,
1350 4175 1377 4233 2.
1395 4176 1423 4234 3.
1441 4177 1471 4248 4,
1492 4179 1528 4236 81.
1542 4175 1610 4234 inira

342 4277 487 4354 Superest
516 4289 548 4336 ut
576 4279 811 4336 animadvertam
840 4277 871 4334 in
901 4278 1042 4354 repositis
1071 4277 1213 4336 tabularii
1239 4285 1358 4353 praeter
1388 4298 1439 4350 ea,
1468 4297 1541 4355 qnae
1566 4279 1611 4334 ian

299 4381 483 4453 enumeravi,
511 4382 601 4440 etiam
627 4381 701 4438 haec
728 4379 893 4456 fragmenta
916 4379 1043 4438 servari:
1071 4399 1100 4437 n.
1118 4377 1235 4452 2385b,
1254 4380 1301 4438 18.
1321 4379 1368 4438 12.
1388 4381 1434 4438 14.
1455 4383 1500 4440 10.
1519 4381 1560 4439 18.
1575 4377 1610 4436 21.
1686 4431 1687 4434 ,

300 4481 348 4538 21.
368 4481 415 4555 16,
438 4483 509 4542 item
531 4504 560 4542 n.
577 4482 690 4552 23888,
708 4481 746 4540 23
770 4480 820 4558 (81.
838 4481 905 4538 888.
925 4481 945 4538 1.
957 4480 1003 4557 1.).
1040 4480 1169 4556 Reliqua
1190 4481 1220 4538 in
1244 4481 1367 4541 aedibus
1389 4489 1610 4542 conservatorum

298 4583 363 4641 loco
387 4603 480 4661 supra
501 4585 651 4662 descripto
674 4583 782 4661 parieti
805 4584 897 4642 affixa
918 4577 1047 4658 sunt'l).

300 4731 327 4739 ι-
342 4733 504 4740 -..Μ

378 4825 402 4888 ¹)
430 4827 494 4877 Inde
514 4829 602 4877 avulsa
622 4844 689 4878 nunc
708 4829 793 4878 iacent
811 4829 838 4877 in
858 4827 979 4878 cavaedic
1000 4827 1102 4876 aedium
1122 4835 1339 4890 conservatorum,
1361 4829 1444 4879 donec
1461 4829 1517 4880 1888
1529 4825 1607 4894 aptiora

298 4937 354 4972 cum
376 4921 466 4970 ceteris
485 4921 666 4970 laterculorum
684 4921 837 4984 fragmentis
857 4919 1023 4970 collocentur.

374 5009 399 5076 ²)
426 5013 501 5064 Nunc
521 5013 621 5076 etipsa
640 5013 667 5064 in
687 5013 811 5063 carsedlo
832 5012 934 5060 aedium
955 5019 1163 5062 conservatorum
1184 5012 1254 5062 humi
1274 5013 1367 5062 iacent.
