<?xml version="1.0" encoding="UTF-8"?>
<!DOCTYPE html PUBLIC "-//W3C//DTD XHTML 1.0 Transitional//EN"
    "http://www.w3.org/TR/xhtml1/DTD/xhtml1-transitional.dtd">
<html xmlns="http://www.w3.org/1999/xhtml" xml:lang="en" lang="en">
 <head>
  <title>
</title>
<meta http-equiv="Content-Type" content="text/html;charset=utf-8" />
  <meta name='ocr-system' content='tesseract 3.04.00' />
  <meta name='ocr-capabilities' content='ocr_page ocr_carea ocr_par ocr_line ocrx_word'/>
</head>
<body>
  <div class='ocr_page' id='page_1' title='image "./ephemerisepigra10instgoog_0014.png"; bbox 0 0 3532 5964; ppageno 0'>
   <div class='ocr_carea' id='block_1_1' title="bbox 469 1635 1020 1914">
    <p class='ocr_par' dir='ltr' id='par_1_1' title="bbox 469 1635 1020 1914">
     <span class='ocr_line' id='line_1_1' title="bbox 515 1635 975 1750; baseline 0 -2"><span class='ocrx_word' id='word_1_1' title='bbox 515 1635 975 1750; x_wconf 79' lang='lat' dir='ltr'>luulunuuuul</span> 
     </span>
     <span class='ocr_line' id='line_1_2' title="bbox 469 1835 1020 1914; baseline 0 -2"><span class='ocrx_word' id='word_1_2' title='bbox 469 1835 538 1912; x_wconf 80' lang='lat' dir='ltr'>nu</span> <span class='ocrx_word' id='word_1_3' title='bbox 565 1835 810 1913; x_wconf 77' lang='lat' dir='ltr'>cossurus</span> <span class='ocrx_word' id='word_1_4' title='bbox 837 1837 949 1914; x_wconf 78' lang='lat' dir='ltr'>von.</span> <span class='ocrx_word' id='word_1_5' title='bbox 974 1837 1020 1912; x_wconf 90' lang='lat'>11.</span> 
     </span>
    </p>
   </div>
   <div class='ocr_carea' id='block_1_2' title="bbox 668 2065 821 2074">
    <p class='ocr_par' dir='ltr' id='par_1_2' title="bbox 668 2065 821 2074">
     <span class='ocr_line' id='line_1_3' title="bbox 668 2065 821 2074; baseline 0.007 -1"><span class='ocrx_word' id='word_1_6' title='bbox 668 2065 821 2074; x_wconf 65' lang='grc' dir='ltr'>μ-ι--ι</span> 
     </span>
    </p>
   </div>
   <div class='ocr_carea' id='block_1_3' title="bbox 94 2149 1414 2924">
    <p class='ocr_par' dir='ltr' id='par_1_3' title="bbox 94 2149 1414 2924">
     <span class='ocr_line' id='line_1_4' title="bbox 95 2149 1413 2314; baseline 0.007 -25"><span class='ocrx_word' id='word_1_7' title='bbox 95 2149 260 2294; x_wconf 87' lang='lat' dir='ltr'>Dresdae</span> <span class='ocrx_word' id='word_1_8' title='bbox 281 2236 313 2293; x_wconf 91' lang='lat' dir='ltr'>in</span> <span class='ocrx_word' id='word_1_9' title='bbox 335 2235 516 2294; x_wconf 74' lang='lat' dir='ltr'><strong>bibliotheca</strong></span> <span class='ocrx_word' id='word_1_10' title='bbox 538 2235 657 2312; x_wconf 91' lang='lat' dir='ltr'>publica</span> <span class='ocrx_word' id='word_1_11' title='bbox 676 2235 716 2310; x_wconf 86' lang='lat' dir='ltr'>(F</span> <span class='ocrx_word' id='word_1_12' title='bbox 735 2235 808 2314; x_wconf 77' lang='lat'>128)</span> <span class='ocrx_word' id='word_1_13' title='bbox 823 2243 960 2296; x_wconf 84' lang='lat' dir='ltr'>servatur</span> <span class='ocrx_word' id='word_1_14' title='bbox 980 2237 1058 2296; x_wconf 90' lang='lat' dir='ltr'>liber</span> <span class='ocrx_word' id='word_1_15' title='bbox 1079 2237 1210 2308; x_wconf 89' lang='lat' dir='ltr'>saeculo,</span> <span class='ocrx_word' id='word_1_16' title='bbox 1234 2245 1267 2296; x_wconf 94' lang='lat' dir='ltr'>ut</span> <span class='ocrx_word' id='word_1_17' title='bbox 1288 2238 1413 2312; x_wconf 88' lang='lat' dir='ltr'>videtur,</span> 
     </span>
     <span class='ocr_line' id='line_1_5' title="bbox 95 2334 1414 2417; baseline 0.005 -25"><span class='ocrx_word' id='word_1_18' title='bbox 95 2334 178 2393; x_wconf 81' lang='lat' dir='ltr'>llllll</span> <span class='ocrx_word' id='word_1_19' title='bbox 196 2337 257 2395; x_wconf 85' lang='lat' dir='ltr'>iere</span> <span class='ocrx_word' id='word_1_20' title='bbox 284 2337 382 2396; x_wconf 90' lang='lat' dir='ltr'>medio</span> <span class='ocrx_word' id='word_1_21' title='bbox 408 2337 440 2395; x_wconf 93' lang='lat' dir='ltr'>in</span> <span class='ocrx_word' id='word_1_22' title='bbox 461 2337 550 2396; x_wconf 89' lang='lat' dir='ltr'>Italia</span> <span class='ocrx_word' id='word_1_23' title='bbox 579 2338 710 2414; x_wconf 83' lang='lat' dir='ltr'>scriptus</span> <span class='ocrx_word' id='word_1_24' title='bbox 737 2339 813 2397; x_wconf 89' lang='lat' dir='ltr'>satis</span> <span class='ocrx_word' id='word_1_25' title='bbox 841 2339 1040 2416; x_wconf 80' lang='lat' dir='ltr'>neglegenter,</span> <span class='ocrx_word' id='word_1_26' title='bbox 1067 2359 1155 2417; x_wconf 92' lang='lat' dir='ltr'>quem</span> <span class='ocrx_word' id='word_1_27' title='bbox 1176 2340 1250 2399; x_wconf 89' lang='lat' dir='ltr'>mihi</span> <span class='ocrx_word' id='word_1_28' title='bbox 1271 2340 1414 2399; x_wconf 88' lang='lat' dir='ltr'>indicavit</span> 
     </span>
     <span class='ocr_line' id='line_1_6' title="bbox 96 2435 1411 2519; baseline 0.006 -27"><span class='ocrx_word' id='word_1_29' title='bbox 96 2435 236 2496; x_wconf 86' lang='lat' dir='ltr'>Francisci</span> <span class='ocrx_word' id='word_1_30' title='bbox 256 2436 418 2498; x_wconf 89' lang='lat' dir='ltr'>Schnorr</span> <span class='ocrx_word' id='word_1_31' title='bbox 436 2439 473 2498; x_wconf 90' lang='lat' dir='ltr'>de</span> <span class='ocrx_word' id='word_1_32' title='bbox 489 2437 659 2499; x_wconf 84' lang='lat' dir='ltr'>(larclsield</span> <span class='ocrx_word' id='word_1_33' title='bbox 676 2439 813 2500; x_wconf 80' lang='lat' dir='ltr'>officiosa</span> <span class='ocrx_word' id='word_1_34' title='bbox 825 2441 969 2500; x_wconf 89' lang='lat' dir='ltr'>sollertia.</span> <span class='ocrx_word' id='word_1_35' title='bbox 1006 2441 1175 2519; x_wconf 86' lang='lat' dir='ltr'>Inscriptus</span> <span class='ocrx_word' id='word_1_36' title='bbox 1191 2451 1239 2501; x_wconf 91' lang='lat' dir='ltr'>est</span> <span class='ocrx_word' id='word_1_37' title='bbox 1256 2442 1299 2499; x_wconf 87' lang='lat' dir='ltr'>ita</span> <span class='ocrx_word' id='word_1_38' title='bbox 1313 2441 1347 2517; x_wconf 85' lang='lat' dir='ltr'>(i.</span> <span class='ocrx_word' id='word_1_39' title='bbox 1364 2442 1411 2518; x_wconf 87' lang='lat'>1):</span> 
     </span>
     <span class='ocr_line' id='line_1_7' title="bbox 96 2538 1414 2620; baseline 0.005 -24"><span class='ocrx_word' id='word_1_40' title='bbox 96 2538 137 2596; x_wconf 78' lang='lat' dir='ltr'>del</span> <span class='ocrx_word' id='word_1_41' title='bbox 161 2543 269 2617; x_wconf 65' lang='lat' dir='ltr'>cinagio</span> <span class='ocrx_word' id='word_1_42' title='bbox 287 2543 366 2616; x_wconf 85' lang='lat' dir='ltr'>satta</span> <span class='ocrx_word' id='word_1_43' title='bbox 393 2541 441 2598; x_wconf 83' lang='lat' dir='ltr'>dcl</span> <span class='ocrx_word' id='word_1_44' title='bbox 461 2541 543 2599; x_wconf 62' lang='lat' dir='ltr'>lum</span> <span class='ocrx_word' id='word_1_45' title='bbox 565 2561 579 2600; x_wconf 88' lang='lat' dir='ltr'>e</span> <span class='ocrx_word' id='word_1_46' title='bbox 604 2542 670 2600; x_wconf 70' lang='grc' dir='ltr'>1ἰ”ιο</span> <span class='ocrx_word' id='word_1_47' title='bbox 700 2542 788 2602; x_wconf 73' lang='lat' dir='ltr'>Carti.</span> <span class='ocrx_word' id='word_1_48' title='bbox 817 2541 1028 2602; x_wconf 82' lang='lat' dir='ltr'>Aleaaandrino</span> <span class='ocrx_word' id='word_1_49' title='bbox 1056 2544 1148 2620; x_wconf 74' lang='lat' dir='ltr'>lepato</span> <span class='ocrx_word' id='word_1_50' title='bbox 1175 2543 1331 2620; x_wconf 81' lang='lat' dir='ltr'>apostolico</span> <span class='ocrx_word' id='word_1_51' title='bbox 1359 2543 1414 2602; x_wconf 80' lang='lat' dir='ltr'>alli</span> 
     </span>
     <span class='ocr_line' id='line_1_8' title="bbox 96 2642 1413 2720; baseline 0.005 -24"><span class='ocrx_word' id='word_1_52' title='bbox 96 2645 252 2700; x_wconf 66' lang='lat' dir='ltr'>samanar·</span> <span class='ocrx_word' id='word_1_53' title='bbox 271 2645 303 2700; x_wconf 74' lang='grc' dir='ltr'>τὲ</span> <span class='ocrx_word' id='word_1_54' title='bbox 325 2645 357 2701; x_wconf 82' lang='lat' dir='ltr'>di</span> <span class='ocrx_word' id='word_1_55' title='bbox 379 2643 517 2714; x_wconf 66' lang='lat' dir='ltr'>hianda,</span> <span class='ocrx_word' id='word_1_56' title='bbox 539 2642 660 2720; x_wconf 63' lang='lat' dir='ltr'>Speque</span> <span class='ocrx_word' id='word_1_57' title='bbox 682 2662 696 2702; x_wconf 84' lang='lat' dir='ltr'>e</span> <span class='ocrx_word' id='word_1_58' title='bbox 717 2644 895 2720; x_wconf 73' lang='lat' dir='ltr'>Portopolla</span> <span class='ocrx_word' id='word_1_59' title='bbox 924 2665 976 2704; x_wconf 85' lang='lat' dir='ltr'>con</span> <span class='ocrx_word' id='word_1_60' title='bbox 1002 2645 1027 2703; x_wconf 84' lang='lat' dir='ltr'>le</span> <span class='ocrx_word' id='word_1_61' title='bbox 1053 2650 1230 2705; x_wconf 80' lang='lat' dir='ltr'><strong><em>annotationi</em></strong></span> <span class='ocrx_word' id='word_1_62' title='bbox 1255 2645 1328 2702; x_wconf 81' lang='lat' dir='ltr'>delle</span> <span class='ocrx_word' id='word_1_63' title='bbox 1351 2663 1413 2703; x_wconf 84' lang='lat' dir='ltr'>eoae</span> 
     </span>
     <span class='ocr_line' id='line_1_9' title="bbox 94 2744 1413 2822; baseline 0.005 -24"><span class='ocrx_word' id='word_1_64' title='bbox 94 2745 141 2815; x_wconf 76' lang='lat' dir='ltr'>pia</span> <span class='ocrx_word' id='word_1_65' title='bbox 163 2745 317 2822; x_wconf 79' lang='lat' dir='ltr'>principali</span> <span class='ocrx_word' id='word_1_66' title='bbox 343 2744 416 2802; x_wconf 85' lang='lat' dir='ltr'>della</span> <span class='ocrx_word' id='word_1_67' title='bbox 442 2747 525 2820; x_wconf 69' lang='lat' dir='ltr'>aaa,</span> <span class='ocrx_word' id='word_1_68' title='bbox 552 2755 625 2804; x_wconf 82' lang='lat' dir='ltr'>terre</span> <span class='ocrx_word' id='word_1_69' title='bbox 647 2765 661 2804; x_wconf 87' lang='lat' dir='ltr'>e</span> <span class='ocrx_word' id='word_1_70' title='bbox 683 2745 789 2822; x_wconf 76' lang='lat' dir='ltr'>laopli,</span> <span class='ocrx_word' id='word_1_71' title='bbox 813 2749 945 2805; x_wconf 85' lang='lat' dir='ltr'>deacritto</span> <span class='ocrx_word' id='word_1_72' title='bbox 973 2749 1012 2804; x_wconf 86' lang='lat' dir='ltr'>da</span> <span class='ocrx_word' id='word_1_73' title='bbox 1034 2747 1078 2805; x_wconf 86' lang='grc' dir='ltr'>Μ.</span> <span class='ocrx_word' id='word_1_74' title='bbox 1103 2745 1166 2804; x_wconf 68' lang='grc' dir='ltr'>θέο.</span> <span class='ocrx_word' id='word_1_75' title='bbox 1189 2747 1321 2805; x_wconf 83' lang='lat' dir='ltr'>Battiata</span> <span class='ocrx_word' id='word_1_76' title='bbox 1343 2747 1413 2806; x_wconf 86' lang='lat' dir='ltr'>Ven-</span> 
     </span>
     <span class='ocr_line' id='line_1_10' title="bbox 97 2846 1413 2924; baseline 0.003 -22"><span class='ocrx_word' id='word_1_77' title='bbox 97 2849 181 2903; x_wconf 82' lang='lat' dir='ltr'>tarino</span> <span class='ocrx_word' id='word_1_78' title='bbox 201 2848 239 2904; x_wconf 88' lang='lat' dir='ltr'>da</span> <span class='ocrx_word' id='word_1_79' title='bbox 259 2846 415 2906; x_wconf 63' lang='lat' dir='ltr'>Minna.</span> <span class='ocrx_word' id='word_1_80' title='bbox 459 2847 588 2906; x_wconf 86' lang='lat' dir='ltr'>Ioannes</span> <span class='ocrx_word' id='word_1_81' title='bbox 611 2847 750 2924; x_wconf 78' lang='lat' dir='ltr'><strong>Baptista</strong></span> <span class='ocrx_word' id='word_1_82' title='bbox 775 2849 826 2906; x_wconf 91' lang='lat' dir='ltr'>ille</span> <span class='ocrx_word' id='word_1_83' title='bbox 848 2849 1072 2907; x_wconf 90' lang='lat' dir='ltr'>Venturinus</span> <span class='ocrx_word' id='word_1_84' title='bbox 1099 2848 1314 2907; x_wconf 87' lang='lat' dir='ltr'>Fabrianensis</span> <span class='ocrx_word' id='word_1_85' title='bbox 1343 2849 1413 2924; x_wconf 89' lang='lat' dir='ltr'>quis</span> 
     </span>
    </p>
   </div>
   <div class='ocr_carea' id='block_1_4' title="bbox 97 2945 1414 3536">
    <p class='ocr_par' dir='ltr' id='par_1_4' title="bbox 97 2945 1414 3536">
     <span class='ocr_line' id='line_1_11' title="bbox 97 2945 1412 3028; baseline 0.005 -26"><span class='ocrx_word' id='word_1_86' title='bbox 97 2945 176 3004; x_wconf 88' lang='lat' dir='ltr'>luerit</span> <span class='ocrx_word' id='word_1_87' title='bbox 194 2947 324 3008; x_wconf 86' lang='lat' dir='ltr'>declarat</span> <span class='ocrx_word' id='word_1_88' title='bbox 345 2949 476 3026; x_wconf 76' lang='lat' dir='ltr'>epistula</span> <span class='ocrx_word' id='word_1_89' title='bbox 500 2949 603 3008; x_wconf 81' lang='lat' dir='ltr'>fratris</span> <span class='ocrx_word' id='word_1_90' title='bbox 625 2949 774 3008; x_wconf 87' lang='lat' dir='ltr'>Ludovici</span> <span class='ocrx_word' id='word_1_91' title='bbox 798 2949 1007 3026; x_wconf 85' lang='lat' dir='ltr'>(Venturini</span> <span class='ocrx_word' id='word_1_92' title='bbox 1030 2968 1061 3010; x_wconf 90' lang='lat' dir='ltr'>ae</span> <span class='ocrx_word' id='word_1_93' title='bbox 1082 2951 1149 3028; x_wconf 88' lang='lat' dir='ltr'>ipse</span> <span class='ocrx_word' id='word_1_94' title='bbox 1170 2959 1330 3027; x_wconf 91' lang='lat' dir='ltr'>nuncupat,</span> <span class='ocrx_word' id='word_1_95' title='bbox 1353 2969 1412 3009; x_wconf 90' lang='lat' dir='ltr'>nou</span> 
     </span>
     <span class='ocr_line' id='line_1_12' title="bbox 98 3046 1412 3128; baseline 0.004 -22"><span class='ocrx_word' id='word_1_96' title='bbox 98 3046 299 3126; x_wconf 83' lang='lat' dir='ltr'>Venturino)</span> <span class='ocrx_word' id='word_1_97' title='bbox 325 3051 364 3109; x_wconf 90' lang='lat' dir='ltr'>ad</span> <span class='ocrx_word' id='word_1_98' title='bbox 391 3053 517 3110; x_wconf 88' lang='lat' dir='ltr'>eundem</span> <span class='ocrx_word' id='word_1_99' title='bbox 539 3051 722 3111; x_wconf 78' lang='lat' dir='ltr'>cardinalem</span> <span class='ocrx_word' id='word_1_100' title='bbox 745 3053 825 3124; x_wconf 88' lang='lat' dir='ltr'>data,</span> <span class='ocrx_word' id='word_1_101' title='bbox 852 3071 930 3128; x_wconf 90' lang='lat' dir='ltr'>quae</span> <span class='ocrx_word' id='word_1_102' title='bbox 952 3053 1087 3128; x_wconf 85' lang='lat' dir='ltr'>sequitur</span> <span class='ocrx_word' id='word_1_103' title='bbox 1111 3053 1133 3111; x_wconf 87' lang='lat' dir='ltr'>f.</span> <span class='ocrx_word' id='word_1_104' title='bbox 1150 3051 1178 3111; x_wconf 82' lang='lat'>2.</span> <span class='ocrx_word' id='word_1_105' title='bbox 1223 3052 1294 3110; x_wconf 83' lang='lat' dir='ltr'>Fuit</span> <span class='ocrx_word' id='word_1_106' title='bbox 1313 3053 1412 3128; x_wconf 90' lang='lat' dir='ltr'>legum</span> 
     </span>
     <span class='ocr_line' id='line_1_13' title="bbox 98 3149 1414 3230; baseline 0.005 -24"><span class='ocrx_word' id='word_1_107' title='bbox 98 3149 190 3209; x_wconf 89' lang='lat' dir='ltr'>doctor</span> <span class='ocrx_word' id='word_1_108' title='bbox 209 3152 324 3228; x_wconf 88' lang='lat' dir='ltr'>iterque</span> <span class='ocrx_word' id='word_1_109' title='bbox 346 3153 375 3210; x_wconf 90' lang='lat' dir='ltr'>in</span> <span class='ocrx_word' id='word_1_110' title='bbox 396 3153 518 3212; x_wconf 82' lang='lat' dir='ltr'>cohorte</span> <span class='ocrx_word' id='word_1_111' title='bbox 540 3153 632 3230; x_wconf 85' lang='lat' dir='ltr'>legati</span> <span class='ocrx_word' id='word_1_112' title='bbox 655 3155 796 3230; x_wconf 73' lang='lat' dir='ltr'>suscepit,</span> <span class='ocrx_word' id='word_1_113' title='bbox 821 3161 853 3212; x_wconf 88' lang='lat' dir='ltr'>ut</span> <span class='ocrx_word' id='word_1_114' title='bbox 874 3155 1008 3226; x_wconf 81' lang='lat' dir='ltr'>serviret,</span> <span class='ocrx_word' id='word_1_115' title='bbox 1031 3163 1064 3213; x_wconf 93' lang='lat' dir='ltr'>ut</span> <span class='ocrx_word' id='word_1_116' title='bbox 1085 3155 1136 3226; x_wconf 83' lang='lat' dir='ltr'>ait,</span> <span class='ocrx_word' id='word_1_117' title='bbox 1163 3153 1308 3213; x_wconf 75' lang='lat' dir='ltr'>cardinali</span> <span class='ocrx_word' id='word_1_118' title='bbox 1330 3163 1360 3212; x_wconf 90' lang='lat' dir='ltr'>et</span> <span class='ocrx_word' id='word_1_119' title='bbox 1381 3163 1414 3212; x_wconf 94' lang='lat' dir='ltr'>ut</span> 
     </span>
     <span class='ocr_line' id='line_1_14' title="bbox 98 3252 1412 3333; baseline 0.005 -24"><span class='ocrx_word' id='word_1_120' title='bbox 98 3252 216 3312; x_wconf 87' lang='lat' dir='ltr'>discendi</span> <span class='ocrx_word' id='word_1_121' title='bbox 237 3255 426 3332; x_wconf 81' lang='lat' dir='ltr'>cupiditatem</span> <span class='ocrx_word' id='word_1_122' title='bbox 450 3255 595 3333; x_wconf 84' lang='lat' dir='ltr'>expleret.</span> <span class='ocrx_word' id='word_1_123' title='bbox 630 3254 740 3314; x_wconf 88' lang='lat' dir='ltr'>Latino</span> <span class='ocrx_word' id='word_1_124' title='bbox 762 3257 890 3333; x_wconf 89' lang='lat' dir='ltr'>primum</span> <span class='ocrx_word' id='word_1_125' title='bbox 913 3273 1050 3314; x_wconf 83' lang='lat' dir='ltr'>sermone</span> <span class='ocrx_word' id='word_1_126' title='bbox 1065 3255 1274 3331; x_wconf 86' lang='lat' dir='ltr'>ephemeridas</span> <span class='ocrx_word' id='word_1_127' title='bbox 1295 3255 1412 3315; x_wconf 86' lang='lat' dir='ltr'>itineris</span> 
     </span>
     <span class='ocr_line' id='line_1_15' title="bbox 98 3357 1413 3434; baseline 0.004 -23"><span class='ocrx_word' id='word_1_128' title='bbox 98 3357 269 3417; x_wconf 85' lang='lat' dir='ltr'>conscribere</span> <span class='ocrx_word' id='word_1_129' title='bbox 291 3357 405 3434; x_wconf 88' lang='lat' dir='ltr'>coepit;</span> <span class='ocrx_word' id='word_1_130' title='bbox 433 3357 486 3416; x_wconf 87' lang='lat' dir='ltr'>sed</span> <span class='ocrx_word' id='word_1_131' title='bbox 507 3367 629 3434; x_wconf 90' lang='lat' dir='ltr'>propter</span> <span class='ocrx_word' id='word_1_132' title='bbox 654 3358 873 3416; x_wconf 82' lang='lat' dir='ltr'>festinationem</span> <span class='ocrx_word' id='word_1_133' title='bbox 897 3375 965 3416; x_wconf 89' lang='lat' dir='ltr'>mox</span> <span class='ocrx_word' id='word_1_134' title='bbox 990 3357 1132 3434; x_wconf 89' lang='lat' dir='ltr'>praetulit</span> <span class='ocrx_word' id='word_1_135' title='bbox 1152 3358 1286 3434; x_wconf 87' lang='lat' dir='ltr'>linguam</span> <span class='ocrx_word' id='word_1_136' title='bbox 1309 3377 1413 3417; x_wconf 88' lang='lat' dir='ltr'>verna·</span> 
     </span>
     <span class='ocr_line' id='line_1_16' title="bbox 98 3455 1414 3536; baseline 0.004 -23"><span class='ocrx_word' id='word_1_137' title='bbox 98 3457 189 3518; x_wconf 85' lang='lat' dir='ltr'>culam.</span> <span class='ocrx_word' id='word_1_138' title='bbox 230 3459 280 3518; x_wconf 87' lang='lat' dir='ltr'>Ex</span> <span class='ocrx_word' id='word_1_139' title='bbox 308 3459 414 3517; x_wconf 87' lang='lat' dir='ltr'>itinere</span> <span class='ocrx_word' id='word_1_140' title='bbox 442 3458 539 3518; x_wconf 85' lang='lat' dir='ltr'>redux</span> <span class='ocrx_word' id='word_1_141' title='bbox 565 3459 596 3517; x_wconf 89' lang='lat' dir='ltr'>in</span> <span class='ocrx_word' id='word_1_142' title='bbox 619 3455 723 3518; x_wconf 90' lang='lat' dir='ltr'>Sicilia</span> <span class='ocrx_word' id='word_1_143' title='bbox 749 3460 887 3536; x_wconf 90' lang='lat' dir='ltr'>primum,</span> <span class='ocrx_word' id='word_1_144' title='bbox 916 3459 1022 3517; x_wconf 91' lang='lat' dir='ltr'>deinde</span> <span class='ocrx_word' id='word_1_145' title='bbox 1049 3459 1223 3518; x_wconf 87' lang='lat' dir='ltr'>Mediolanii</span> <span class='ocrx_word' id='word_1_146' title='bbox 1246 3459 1414 3535; x_wconf 84' lang='lat' dir='ltr'>Eporediae</span> 
     </span>
    </p>
   </div>
   <div class='ocr_carea' id='block_1_5' title="bbox 98 3556 1416 5166">
    <p class='ocr_par' dir='ltr' id='par_1_5' title="bbox 98 3556 1416 5166">
     <span class='ocr_line' id='line_1_17' title="bbox 100 3556 1412 3638; baseline 0.004 -24"><span class='ocrx_word' id='word_1_147' title='bbox 100 3556 230 3621; x_wconf 77' lang='lat' dir='ltr'>Vercellis</span> <span class='ocrx_word' id='word_1_148' title='bbox 256 3561 463 3638; x_wconf 87' lang='lat' dir='ltr'>episcoporum</span> <span class='ocrx_word' id='word_1_149' title='bbox 491 3560 572 3619; x_wconf 87' lang='lat' dir='ltr'>vices</span> <span class='ocrx_word' id='word_1_150' title='bbox 599 3561 667 3636; x_wconf 86' lang='lat' dir='ltr'>egit.</span> <span class='ocrx_word' id='word_1_151' title='bbox 711 3561 787 3619; x_wconf 89' lang='lat' dir='ltr'>Post</span> <span class='ocrx_word' id='word_1_152' title='bbox 814 3579 867 3620; x_wconf 85' lang='lat' dir='ltr'>aex</span> <span class='ocrx_word' id='word_1_153' title='bbox 893 3579 989 3620; x_wconf 89' lang='lat' dir='ltr'>annos</span> <span class='ocrx_word' id='word_1_154' title='bbox 1017 3560 1201 3620; x_wconf 87' lang='lat' dir='ltr'>Fabrianum</span> <span class='ocrx_word' id='word_1_155' title='bbox 1226 3561 1256 3618; x_wconf 89' lang='lat' dir='ltr'>in</span> <span class='ocrx_word' id='word_1_156' title='bbox 1283 3562 1412 3637; x_wconf 88' lang='lat' dir='ltr'>patriam</span> 
     </span>
     <span class='ocr_line' id='line_1_18' title="bbox 98 3663 1413 3744; baseline 0.002 -26"><span class='ocrx_word' id='word_1_157' title='bbox 98 3679 219 3722; x_wconf 84' lang='lat' dir='ltr'>reversus</span> <span class='ocrx_word' id='word_1_158' title='bbox 250 3663 292 3720; x_wconf 92' lang='lat' dir='ltr'>ibi</span> <span class='ocrx_word' id='word_1_159' title='bbox 325 3669 395 3738; x_wconf 93' lang='lat' dir='ltr'>post</span> <span class='ocrx_word' id='word_1_160' title='bbox 427 3663 514 3744; x_wconf 71' lang='lat' dir='ltr'>unius</span> <span class='ocrx_word' id='word_1_161' title='bbox 547 3663 660 3721; x_wconf 89' lang='lat' dir='ltr'>mensis</span> <span class='ocrx_word' id='word_1_162' title='bbox 693 3663 827 3720; x_wconf 88' lang='lat' dir='ltr'>morbum</span> <span class='ocrx_word' id='word_1_163' title='bbox 861 3663 939 3720; x_wconf 91' lang='lat' dir='ltr'>diem</span> <span class='ocrx_word' id='word_1_164' title='bbox 972 3663 1056 3735; x_wconf 92' lang='lat' dir='ltr'>obiit,</span> <span class='ocrx_word' id='word_1_165' title='bbox 1089 3663 1264 3740; x_wconf 87' lang='lat' dir='ltr'>priusquam</span> <span class='ocrx_word' id='word_1_166' title='bbox 1297 3663 1413 3721; x_wconf 87' lang='lat' dir='ltr'>itineris</span> 
     </span>
     <span class='ocr_line' id='line_1_19' title="bbox 99 3743 1413 3842; baseline 0.002 -23"><span class='ocrx_word' id='word_1_167' title='bbox 99 3760 213 3841; x_wconf 81' lang='lat' dir='ltr'>Hispani</span> <span class='ocrx_word' id='word_1_168' title='bbox 235 3743 476 3842; x_wconf 76' lang='lat' dir='ltr'>descriptionem,</span> <span class='ocrx_word' id='word_1_169' title='bbox 503 3783 592 3840; x_wconf 90' lang='lat' dir='ltr'>quam</span> <span class='ocrx_word' id='word_1_170' title='bbox 621 3763 766 3824; x_wconf 89' lang='lat' dir='ltr'>edendam</span> <span class='ocrx_word' id='word_1_171' title='bbox 793 3764 849 3820; x_wconf 92' lang='lat' dir='ltr'>sibi</span> <span class='ocrx_word' id='word_1_172' title='bbox 877 3773 1085 3841; x_wconf 85' lang='lat' dir='ltr'>proposuerat,</span> <span class='ocrx_word' id='word_1_173' title='bbox 1112 3765 1143 3822; x_wconf 90' lang='lat' dir='ltr'>in</span> <span class='ocrx_word' id='word_1_174' title='bbox 1170 3763 1241 3822; x_wconf 89' lang='lat' dir='ltr'>iusti</span> <span class='ocrx_word' id='word_1_175' title='bbox 1264 3763 1333 3823; x_wconf 90' lang='lat' dir='ltr'>libri</span> <span class='ocrx_word' id='word_1_176' title='bbox 1353 3763 1413 3823; x_wconf 87' lang='lat' dir='ltr'>ior·</span> 
     </span>
     <span class='ocr_line' id='line_1_20' title="bbox 101 3863 1414 3945; baseline 0.002 -24"><span class='ocrx_word' id='word_1_177' title='bbox 101 3883 167 3924; x_wconf 87' lang='lat' dir='ltr'>mam</span> <span class='ocrx_word' id='word_1_178' title='bbox 187 3867 319 3945; x_wconf 80' lang='lat' dir='ltr'>redigere</span> <span class='ocrx_word' id='word_1_179' title='bbox 344 3867 449 3944; x_wconf 91' lang='lat' dir='ltr'>potuit.</span> <span class='ocrx_word' id='word_1_180' title='bbox 493 3863 584 3939; x_wconf 83' lang='lat' dir='ltr'>Quod</span> <span class='ocrx_word' id='word_1_181' title='bbox 611 3883 686 3942; x_wconf 93' lang='lat' dir='ltr'>opus</span> <span class='ocrx_word' id='word_1_182' title='bbox 708 3865 800 3924; x_wconf 84' lang='lat' dir='ltr'>frater</span> <span class='ocrx_word' id='word_1_183' title='bbox 821 3867 863 3924; x_wconf 92' lang='lat' dir='ltr'>ita</span> <span class='ocrx_word' id='word_1_184' title='bbox 884 3865 1017 3941; x_wconf 78' lang='lat' dir='ltr'>perfecit,</span> <span class='ocrx_word' id='word_1_185' title='bbox 1047 3873 1080 3924; x_wconf 91' lang='lat' dir='ltr'>ut</span> <span class='ocrx_word' id='word_1_186' title='bbox 1101 3865 1307 3940; x_wconf 89' lang='lat' dir='ltr'>ephemeridas</span> <span class='ocrx_word' id='word_1_187' title='bbox 1330 3872 1414 3924; x_wconf 92' lang='lat' dir='ltr'>auto·</span> 
     </span>
     <span class='ocr_line' id='line_1_21' title="bbox 100 3965 1414 4044; baseline 0.001 -20"><span class='ocrx_word' id='word_1_188' title='bbox 100 3969 214 4044; x_wconf 84' lang='lat' dir='ltr'>graphas</span> <span class='ocrx_word' id='word_1_189' title='bbox 236 3968 428 4040; x_wconf 88' lang='lat' dir='ltr'>describeret,</span> <span class='ocrx_word' id='word_1_190' title='bbox 450 3968 481 4027; x_wconf 92' lang='lat' dir='ltr'>in</span> <span class='ocrx_word' id='word_1_191' title='bbox 501 3967 651 4026; x_wconf 90' lang='lat' dir='ltr'>schedulis</span> <span class='ocrx_word' id='word_1_192' title='bbox 674 3965 783 4026; x_wconf 89' lang='lat' dir='ltr'>solutis</span> <span class='ocrx_word' id='word_1_193' title='bbox 806 3967 972 4044; x_wconf 89' lang='lat' dir='ltr'>perscripta</span> <span class='ocrx_word' id='word_1_194' title='bbox 987 3967 1034 4026; x_wconf 89' lang='lat' dir='ltr'>vel</span> <span class='ocrx_word' id='word_1_195' title='bbox 1055 3975 1230 4043; x_wconf 89' lang='lat' dir='ltr'>praenotata</span> <span class='ocrx_word' id='word_1_196' title='bbox 1253 3971 1316 4025; x_wconf 88' lang='lat' dir='ltr'>auia</span> <span class='ocrx_word' id='word_1_197' title='bbox 1338 3967 1414 4026; x_wconf 90' lang='lat' dir='ltr'>locis</span> 
     </span>
     <span class='ocr_line' id='line_1_22' title="bbox 100 4065 1413 4147; baseline 0.003 -25"><span class='ocrx_word' id='word_1_198' title='bbox 100 4065 238 4144; x_wconf 87' lang='lat' dir='ltr'>insereret,</span> <span class='ocrx_word' id='word_1_199' title='bbox 260 4069 434 4147; x_wconf 78' lang='lat' dir='ltr'>imperfecta</span> <span class='ocrx_word' id='word_1_200' title='bbox 453 4069 611 4141; x_wconf 89' lang='lat' dir='ltr'>omitteret,</span> <span class='ocrx_word' id='word_1_201' title='bbox 633 4069 670 4127; x_wconf 91' lang='lat' dir='ltr'>de</span> <span class='ocrx_word' id='word_1_202' title='bbox 692 4087 747 4127; x_wconf 89' lang='lat' dir='ltr'>suo</span> <span class='ocrx_word' id='word_1_203' title='bbox 769 4089 840 4127; x_wconf 89' lang='lat' dir='ltr'>vero</span> <span class='ocrx_word' id='word_1_204' title='bbox 862 4069 938 4127; x_wconf 92' lang='lat' dir='ltr'>nihil</span> <span class='ocrx_word' id='word_1_205' title='bbox 960 4069 1091 4128; x_wconf 89' lang='lat' dir='ltr'>adderet.</span> <span class='ocrx_word' id='word_1_206' title='bbox 1127 4069 1164 4127; x_wconf 95' lang='lat' dir='ltr'>In</span> <span class='ocrx_word' id='word_1_207' title='bbox 1185 4071 1244 4128; x_wconf 88' lang='lat' dir='ltr'>fine</span> <span class='ocrx_word' id='word_1_208' title='bbox 1265 4068 1413 4146; x_wconf 87' lang='lat' dir='ltr'>epistulae</span> 
     </span>
     <span class='ocr_line' id='line_1_23' title="bbox 101 4167 1416 4248; baseline 0.002 -23"><span class='ocrx_word' id='word_1_209' title='bbox 101 4167 188 4230; x_wconf 86' lang='lat' dir='ltr'>iratris</span> <span class='ocrx_word' id='word_1_210' title='bbox 208 4173 381 4230; x_wconf 88' lang='lat' dir='ltr'>memoriam</span> <span class='ocrx_word' id='word_1_211' title='bbox 404 4189 495 4248; x_wconf 89' lang='lat' dir='ltr'>seque</span> <span class='ocrx_word' id='word_1_212' title='bbox 516 4170 733 4230; x_wconf 89' lang='lat' dir='ltr'>benivolentiae</span> <span class='ocrx_word' id='word_1_213' title='bbox 753 4169 915 4228; x_wconf 89' lang='lat' dir='ltr'>cardinalia</span> <span class='ocrx_word' id='word_1_214' title='bbox 938 4169 1138 4242; x_wconf 89' lang='lat' dir='ltr'>commendat,</span> <span class='ocrx_word' id='word_1_215' title='bbox 1166 4177 1197 4228; x_wconf 93' lang='lat' dir='ltr'>ct</span> <span class='ocrx_word' id='word_1_216' title='bbox 1221 4170 1287 4247; x_wconf 89' lang='lat' dir='ltr'>ipse</span> <span class='ocrx_word' id='word_1_217' title='bbox 1309 4179 1342 4228; x_wconf 91' lang='lat' dir='ltr'>ut</span> <span class='ocrx_word' id='word_1_218' title='bbox 1362 4170 1416 4228; x_wconf 89' lang='lat' dir='ltr'>ille</span> 
     </span>
     <span class='ocr_line' id='line_1_24' title="bbox 100 4267 1414 4346; baseline -0.002 -16"><span class='ocrx_word' id='word_1_219' title='bbox 100 4267 186 4346; x_wconf 79' lang='lat' dir='ltr'>legum</span> <span class='ocrx_word' id='word_1_220' title='bbox 210 4273 323 4333; x_wconf 89' lang='lat' dir='ltr'>doctor.</span> <span class='ocrx_word' id='word_1_221' title='bbox 372 4273 480 4332; x_wconf 82' lang='lat' dir='ltr'>Frater</span> <span class='ocrx_word' id='word_1_222' title='bbox 508 4273 638 4332; x_wconf 89' lang='lat' dir='ltr'>Michael</span> <span class='ocrx_word' id='word_1_223' title='bbox 667 4272 860 4344; x_wconf 90' lang='lat' dir='ltr'>Bonellua,</span> <span class='ocrx_word' id='word_1_224' title='bbox 890 4272 1051 4330; x_wconf 87' lang='lat' dir='ltr'>cardinalis</span> <span class='ocrx_word' id='word_1_225' title='bbox 1082 4270 1306 4331; x_wconf 85' lang='lat' dir='ltr'>Alexandrinus</span> <span class='ocrx_word' id='word_1_226' title='bbox 1335 4271 1414 4330; x_wconf 90' lang='lat' dir='ltr'>tituli</span> 
     </span>
     <span class='ocr_line' id='line_1_25' title="bbox 101 4367 1414 4452; baseline 0.001 -22"><span class='ocrx_word' id='word_1_227' title='bbox 101 4367 127 4430; x_wconf 90' lang='lat' dir='ltr'>S.</span> <span class='ocrx_word' id='word_1_228' title='bbox 141 4373 175 4431; x_wconf 89' lang='lat' dir='ltr'>ll.</span> <span class='ocrx_word' id='word_1_229' title='bbox 191 4392 281 4452; x_wconf 88' lang='lat' dir='ltr'>supra</span> <span class='ocrx_word' id='word_1_230' title='bbox 294 4375 470 4446; x_wconf 84' lang='lat' dir='ltr'>Minervam,</span> <span class='ocrx_word' id='word_1_231' title='bbox 493 4374 583 4433; x_wconf 88' lang='lat' dir='ltr'>Pauli</span> <span class='ocrx_word' id='word_1_232' title='bbox 597 4374 626 4432; x_wconf 91' lang='lat' dir='ltr'>V</span> <span class='ocrx_word' id='word_1_233' title='bbox 647 4394 677 4452; x_wconf 93' lang='lat' dir='ltr'>p.</span> <span class='ocrx_word' id='word_1_234' title='bbox 693 4393 732 4432; x_wconf 89' lang='lat' dir='ltr'>m.</span> <span class='ocrx_word' id='word_1_235' title='bbox 755 4391 850 4452; x_wconf 86' lang='lat' dir='ltr'>nepos</span> <span class='ocrx_word' id='word_1_236' title='bbox 870 4393 909 4432; x_wconf 85' lang='lat' dir='ltr'>ex</span> <span class='ocrx_word' id='word_1_237' title='bbox 930 4391 1044 4446; x_wconf 87' lang='lat' dir='ltr'>sorore,</span> <span class='ocrx_word' id='word_1_238' title='bbox 1067 4373 1138 4449; x_wconf 91' lang='lat' dir='ltr'>quid</span> <span class='ocrx_word' id='word_1_239' title='bbox 1160 4372 1333 4432; x_wconf 86' lang='lat' dir='ltr'>tractaverit</span> <span class='ocrx_word' id='word_1_240' title='bbox 1346 4391 1414 4432; x_wconf 92' lang='lat' dir='ltr'>cum</span> 
     </span>
     <span class='ocr_line' id='line_1_26' title="bbox 101 4474 1414 4555; baseline 0.004 -26"><span class='ocrx_word' id='word_1_241' title='bbox 101 4475 205 4550; x_wconf 88' lang='lat' dir='ltr'>regibus</span> <span class='ocrx_word' id='word_1_242' title='bbox 220 4475 387 4555; x_wconf 85' lang='lat' dir='ltr'>Hispaniae</span> <span class='ocrx_word' id='word_1_243' title='bbox 401 4475 607 4554; x_wconf 89' lang='lat' dir='ltr'>Portugalliae</span> <span class='ocrx_word' id='word_1_244' title='bbox 623 4474 770 4535; x_wconf 85' lang='lat' dir='ltr'>Franciae</span> <span class='ocrx_word' id='word_1_245' title='bbox 784 4475 902 4534; x_wconf 88' lang='lat' dir='ltr'>videtur</span> <span class='ocrx_word' id='word_1_246' title='bbox 923 4481 1060 4534; x_wconf 90' lang='lat' dir='ltr'>constare</span> <span class='ocrx_word' id='word_1_247' title='bbox 1081 4475 1233 4533; x_wconf 90' lang='lat' dir='ltr'>historicis</span> <span class='ocrx_word' id='word_1_248' title='bbox 1255 4493 1294 4533; x_wconf 86' lang='lat' dir='ltr'>ex</span> <span class='ocrx_word' id='word_1_249' title='bbox 1315 4475 1414 4552; x_wconf 89' lang='lat' dir='ltr'>ipsius</span> 
     </span>
     <span class='ocr_line' id='line_1_27' title="bbox 100 4575 1415 4654; baseline 0.003 -24"><span class='ocrx_word' id='word_1_250' title='bbox 100 4575 286 4638; x_wconf 89' lang='lat' dir='ltr'>relationibus.</span> <span class='ocrx_word' id='word_1_251' title='bbox 329 4579 392 4638; x_wconf 88' lang='lat' dir='ltr'>Iter</span> <span class='ocrx_word' id='word_1_252' title='bbox 413 4597 485 4636; x_wconf 87' lang='lat' dir='ltr'>vero</span> <span class='ocrx_word' id='word_1_253' title='bbox 512 4595 574 4653; x_wconf 93' lang='lat' dir='ltr'>quo</span> <span class='ocrx_word' id='word_1_254' title='bbox 600 4577 690 4636; x_wconf 91' lang='lat' dir='ltr'>modo</span> <span class='ocrx_word' id='word_1_255' title='bbox 711 4577 876 4636; x_wconf 91' lang='lat' dir='ltr'>instituerit</span> <span class='ocrx_word' id='word_1_256' title='bbox 897 4575 1074 4649; x_wconf 85' lang='lat' dir='ltr'>cardinalis,</span> <span class='ocrx_word' id='word_1_257' title='bbox 1105 4593 1183 4653; x_wconf 88' lang='lat' dir='ltr'>quoa</span> <span class='ocrx_word' id='word_1_258' title='bbox 1206 4594 1326 4654; x_wconf 90' lang='lat' dir='ltr'>qnoque</span> <span class='ocrx_word' id='word_1_259' title='bbox 1347 4577 1415 4635; x_wconf 90' lang='lat' dir='ltr'>loco</span> 
     </span>
     <span class='ocr_line' id='line_1_28' title="bbox 102 4677 1416 4758; baseline 0.001 -24"><span class='ocrx_word' id='word_1_260' title='bbox 102 4677 170 4736; x_wconf 80' lang='lat' dir='ltr'>viros</span> <span class='ocrx_word' id='word_1_261' title='bbox 190 4679 311 4752; x_wconf 86' lang='lat' dir='ltr'>viderit,</span> <span class='ocrx_word' id='word_1_262' title='bbox 340 4697 427 4758; x_wconf 89' lang='lat' dir='ltr'>reges</span> <span class='ocrx_word' id='word_1_263' title='bbox 455 4679 574 4756; x_wconf 84' lang='lat' dir='ltr'>reginae</span> <span class='ocrx_word' id='word_1_264' title='bbox 601 4679 751 4755; x_wconf 90' lang='lat' dir='ltr'>principes</span> <span class='ocrx_word' id='word_1_265' title='bbox 786 4678 883 4736; x_wconf 89' lang='lat' dir='ltr'>nuntii</span> <span class='ocrx_word' id='word_1_266' title='bbox 911 4677 1035 4755; x_wconf 87' lang='lat' dir='ltr'>papales</span> <span class='ocrx_word' id='word_1_267' title='bbox 1061 4677 1194 4756; x_wconf 91' lang='lat' dir='ltr'>episcopi</span> <span class='ocrx_word' id='word_1_268' title='bbox 1225 4677 1335 4753; x_wconf 89' lang='lat' dir='ltr'>aliique</span> <span class='ocrx_word' id='word_1_269' title='bbox 1362 4677 1416 4735; x_wconf 93' lang='lat' dir='ltr'>ho-</span> 
     </span>
     <span class='ocr_line' id='line_1_29' title="bbox 101 4778 1414 4857; baseline 0 -23"><span class='ocrx_word' id='word_1_270' title='bbox 101 4779 181 4840; x_wconf 88' lang='lat' dir='ltr'>miues</span> <span class='ocrx_word' id='word_1_271' title='bbox 206 4781 383 4841; x_wconf 86' lang='lat' dir='ltr'>excellentes</span> <span class='ocrx_word' id='word_1_272' title='bbox 409 4799 498 4857; x_wconf 92' lang='lat' dir='ltr'>quem</span> <span class='ocrx_word' id='word_1_273' title='bbox 525 4781 564 4840; x_wconf 92' lang='lat' dir='ltr'>ad</span> <span class='ocrx_word' id='word_1_274' title='bbox 591 4781 711 4840; x_wconf 91' lang='lat' dir='ltr'>modum</span> <span class='ocrx_word' id='word_1_275' title='bbox 738 4799 805 4838; x_wconf 90' lang='lat' dir='ltr'>eum</span> <span class='ocrx_word' id='word_1_276' title='bbox 831 4779 1012 4857; x_wconf 89' lang='lat' dir='ltr'>receperint,</span> <span class='ocrx_word' id='word_1_277' title='bbox 1040 4797 1099 4856; x_wconf 90' lang='lat' dir='ltr'>quo</span> <span class='ocrx_word' id='word_1_278' title='bbox 1126 4779 1214 4838; x_wconf 90' lang='lat' dir='ltr'>modo</span> <span class='ocrx_word' id='word_1_279' title='bbox 1242 4779 1287 4837; x_wconf 93' lang='lat' dir='ltr'>illi</span> <span class='ocrx_word' id='word_1_280' title='bbox 1313 4778 1414 4836; x_wconf 87' lang='lat' dir='ltr'>vestiti</span> 
     </span>
     <span class='ocr_line' id='line_1_30' title="bbox 102 4879 1415 4960; baseline -0.002 -22"><span class='ocrx_word' id='word_1_281' title='bbox 102 4883 240 4960; x_wconf 87' lang='lat' dir='ltr'>umatique</span> <span class='ocrx_word' id='word_1_282' title='bbox 265 4883 385 4955; x_wconf 79' lang='lat' dir='ltr'>fuerint,</span> <span class='ocrx_word' id='word_1_283' title='bbox 413 4881 505 4941; x_wconf 84' lang='lat' dir='ltr'>serias</span> <span class='ocrx_word' id='word_1_284' title='bbox 532 4891 562 4941; x_wconf 90' lang='lat' dir='ltr'>et</span> <span class='ocrx_word' id='word_1_285' title='bbox 587 4881 652 4941; x_wconf 88' lang='lat' dir='ltr'>dies</span> <span class='ocrx_word' id='word_1_286' title='bbox 677 4883 773 4940; x_wconf 82' lang='lat' dir='ltr'>fastos</span> <span class='ocrx_word' id='word_1_287' title='bbox 801 4881 907 4958; x_wconf 87' lang='lat' dir='ltr'>quales</span> <span class='ocrx_word' id='word_1_288' title='bbox 934 4879 1161 4952; x_wconf 89' lang='lat' dir='ltr'>celebraverint,</span> <span class='ocrx_word' id='word_1_289' title='bbox 1189 4899 1323 4957; x_wconf 87' lang='lat' dir='ltr'>quaeque</span> <span class='ocrx_word' id='word_1_290' title='bbox 1345 4885 1415 4937; x_wconf 89' lang='lat' dir='ltr'>sunt</span> 
     </span>
     <span class='ocr_line' id='line_1_31' title="bbox 101 4980 1413 5060; baseline -0.002 -20"><span class='ocrx_word' id='word_1_291' title='bbox 101 4981 210 5058; x_wconf 85' lang='lat' dir='ltr'>similia,</span> <span class='ocrx_word' id='word_1_292' title='bbox 236 5005 273 5044; x_wconf 87' lang='lat' dir='ltr'>ea</span> <span class='ocrx_word' id='word_1_293' title='bbox 298 4985 399 5044; x_wconf 89' lang='lat' dir='ltr'>omnia</span> <span class='ocrx_word' id='word_1_294' title='bbox 424 4988 543 5044; x_wconf 89' lang='lat' dir='ltr'>curiosa</span> <span class='ocrx_word' id='word_1_295' title='bbox 574 4983 732 5060; x_wconf 89' lang='lat' dir='ltr'>diligentia</span> <span class='ocrx_word' id='word_1_296' title='bbox 757 4981 942 5041; x_wconf 84' lang='lat' dir='ltr'>Venturinus</span> <span class='ocrx_word' id='word_1_297' title='bbox 975 4982 1005 5040; x_wconf 93' lang='lat' dir='ltr'>in</span> <span class='ocrx_word' id='word_1_298' title='bbox 1035 4982 1163 5042; x_wconf 85' lang='lat' dir='ltr'>schedae</span> <span class='ocrx_word' id='word_1_299' title='bbox 1191 4999 1262 5040; x_wconf 86' lang='lat' dir='ltr'>suas</span> <span class='ocrx_word' id='word_1_300' title='bbox 1288 4980 1413 5039; x_wconf 90' lang='lat' dir='ltr'>rettulit.</span> 
     </span>
     <span class='ocr_line' id='line_1_32' title="bbox 100 5080 1415 5166; baseline -0.001 -26"><span class='ocrx_word' id='word_1_301' title='bbox 100 5080 139 5140; x_wconf 84' lang='lat' dir='ltr'>lta</span> <span class='ocrx_word' id='word_1_302' title='bbox 163 5095 193 5145; x_wconf 89' lang='lat' dir='ltr'>ut</span> <span class='ocrx_word' id='word_1_303' title='bbox 217 5105 326 5166; x_wconf 89' lang='lat' dir='ltr'>operae</span> <span class='ocrx_word' id='word_1_304' title='bbox 351 5086 478 5164; x_wconf 90' lang='lat' dir='ltr'>pretium</span> <span class='ocrx_word' id='word_1_305' title='bbox 506 5085 639 5145; x_wconf 83' lang='lat' dir='ltr'>facturus</span> <span class='ocrx_word' id='word_1_306' title='bbox 668 5085 804 5144; x_wconf 89' lang='lat' dir='ltr'>videatur</span> <span class='ocrx_word' id='word_1_307' title='bbox 831 5101 907 5156; x_wconf 87' lang='lat' dir='ltr'>esse,</span> <span class='ocrx_word' id='word_1_308' title='bbox 935 5083 1030 5160; x_wconf 86' lang='lat' dir='ltr'>siquis</span> <span class='ocrx_word' id='word_1_309' title='bbox 1052 5084 1098 5144; x_wconf 89' lang='lat' dir='ltr'>vir</span> <span class='ocrx_word' id='word_1_310' title='bbox 1120 5083 1224 5142; x_wconf 91' lang='lat' dir='ltr'>doctus</span> <span class='ocrx_word' id='word_1_311' title='bbox 1246 5090 1415 5159; x_wconf 89' lang='lat' dir='ltr'>temporum</span> 
     </span>
    </p>
   </div>
   <div class='ocr_carea' id='block_1_6' title="bbox 97 5182 1418 5345">
    <p class='ocr_par' dir='ltr' id='par_1_6' title="bbox 97 5182 1418 5345">
     <span class='ocr_line' id='line_1_33' title="bbox 97 5182 1418 5265; baseline 0.002 -26"><span class='ocrx_word' id='word_1_312' title='bbox 97 5182 202 5246; x_wconf 89' lang='lat' dir='ltr'>illorum</span> <span class='ocrx_word' id='word_1_313' title='bbox 235 5189 370 5248; x_wconf 86' lang='lat' dir='ltr'>curiosus</span> <span class='ocrx_word' id='word_1_314' title='bbox 407 5206 444 5247; x_wconf 85' lang='lat' dir='ltr'>ex</span> <span class='ocrx_word' id='word_1_315' title='bbox 475 5187 553 5247; x_wconf 90' lang='lat' dir='ltr'>libro</span> <span class='ocrx_word' id='word_1_316' title='bbox 581 5185 739 5246; x_wconf 87' lang='lat' dir='ltr'>Venturini</span> <span class='ocrx_word' id='word_1_317' title='bbox 769 5203 846 5265; x_wconf 90' lang='lat' dir='ltr'>quae</span> <span class='ocrx_word' id='word_1_318' title='bbox 877 5183 914 5246; x_wconf 91' lang='lat' dir='ltr'>ad</span> <span class='ocrx_word' id='word_1_319' title='bbox 948 5203 1048 5246; x_wconf 87' lang='lat' dir='ltr'>mores</span> <span class='ocrx_word' id='word_1_320' title='bbox 1078 5185 1274 5264; x_wconf 87' lang='lat' dir='ltr'>hominesque</span> <span class='ocrx_word' id='word_1_321' title='bbox 1304 5184 1418 5244; x_wconf 89' lang='lat' dir='ltr'>saeculi</span> 
     </span>
     <span class='ocr_line' id='line_1_34' title="bbox 1174 5286 1212 5345; baseline 0 -27"><span class='ocrx_word' id='word_1_322' title='bbox 1174 5286 1212 5345; x_wconf 68' lang='lat'>10</span> 
     </span>
    </p>
   </div>
   <div class='ocr_carea' id='block_1_7' title="bbox 0 0 1775 5964">
    <p class='ocr_par' dir='ltr' id='par_1_7' title="bbox 0 0 1775 5964">
     <span class='ocr_line' id='line_1_35' title="bbox 0 0 1775 5964; baseline 0 0"><span class='ocrx_word' id='word_1_323' title='bbox 0 0 1775 5964; x_wconf 95' lang='lat' dir='ltr'> </span> 
     </span>
    </p>
   </div>
  </div>
 </body>
</html>
