<?xml version="1.0" encoding="UTF-8"?>
<!DOCTYPE html PUBLIC "-//W3C//DTD XHTML 1.0 Transitional//EN"
    "http://www.w3.org/TR/xhtml1/DTD/xhtml1-transitional.dtd">
<html xmlns="http://www.w3.org/1999/xhtml" xml:lang="en" lang="en">
 <head>
  <title>
</title>
<meta http-equiv="Content-Type" content="text/html;charset=utf-8" />
  <meta name='ocr-system' content='tesseract 3.04.00' />
  <meta name='ocr-capabilities' content='ocr_page ocr_carea ocr_par ocr_line ocrx_word'/>
</head>
<body>
  <div class='ocr_page' id='page_1' title='image "./ephemerisepigra10instgoog_0367.png"; bbox 0 0 3390 5970; ppageno 0'>
   <div class='ocr_carea' id='block_1_1' title="bbox 322 532 1673 1212">
    <p class='ocr_par' dir='ltr' id='par_1_1' title="bbox 322 532 1050 604">
     <span class='ocr_line' id='line_1_1' title="bbox 322 532 1050 604; baseline -0.001 -1"><span class='ocrx_word' id='word_1_1' title='bbox 322 532 396 604; x_wconf 83' lang='lat'><strong>356</strong></span> <span class='ocrx_word' id='word_1_2' title='bbox 926 551 1050 602; x_wconf 76' lang='lat' dir='ltr'><strong>aaran</strong></span> 
     </span>
    </p>

    <p class='ocr_par' dir='ltr' id='par_1_2' title="bbox 322 635 1673 1212">
     <span class='ocr_line' id='line_1_2' title="bbox 1672 635 1673 686; baseline 0 0"><span class='ocrx_word' id='word_1_3' title='bbox 1672 635 1673 686; x_wconf 88' lang='lat' dir='ltr'><strong>l</strong></span> 
     </span>
     <span class='ocr_line' id='line_1_3' title="bbox 322 711 1673 802; baseline 0 -16"><span class='ocrx_word' id='word_1_4' title='bbox 322 728 456 802; x_wconf 87' lang='lat' dir='ltr'><strong>exceptis</strong></span> <span class='ocrx_word' id='word_1_5' title='bbox 472 727 526 796; x_wconf 88' lang='lat' dir='ltr'><strong>eis,</strong></span> <span class='ocrx_word' id='word_1_6' title='bbox 547 726 700 802; x_wconf 89' lang='lat' dir='ltr'><strong>inquibus</strong></span> <span class='ocrx_word' id='word_1_7' title='bbox 722 745 846 784; x_wconf 85' lang='lat' dir='ltr'><strong>munera</strong></span> <span class='ocrx_word' id='word_1_8' title='bbox 867 733 1145 797; x_wconf 82' lang='lat' dir='ltr'><strong>commemorantur,</strong></span> <span class='ocrx_word' id='word_1_9' title='bbox 1169 743 1245 801; x_wconf 91' lang='lat' dir='ltr'><strong>quae</strong></span> <span class='ocrx_word' id='word_1_10' title='bbox 1266 726 1324 784; x_wconf 91' lang='lat' dir='ltr'><strong>iam</strong></span> <span class='ocrx_word' id='word_1_11' title='bbox 1349 733 1418 784; x_wconf 90' lang='lat' dir='ltr'><strong>ante</strong></span> <span class='ocrx_word' id='word_1_12' title='bbox 1440 726 1629 786; x_wconf 83' lang='lat' dir='ltr'><strong>illuminosa</strong></span> <span class='ocrx_word' id='word_1_13' title='bbox 1672 711 1673 732; x_wconf 26' lang='lat' dir='ltr'><strong>i</strong></span> 
     </span>
     <span class='ocr_line' id='line_1_4' title="bbox 322 827 1673 924; baseline 0.001 -38"><span class='ocrx_word' id='word_1_14' title='bbox 322 830 449 887; x_wconf 84' lang='lat' dir='ltr'><strong>fuerant.</strong></span> <span class='ocrx_word' id='word_1_15' title='bbox 484 827 603 886; x_wconf 85' lang='lat' dir='ltr'><strong>Titulos</strong></span> <span class='ocrx_word' id='word_1_16' title='bbox 619 829 757 900; x_wconf 66' lang='lat' dir='ltr'><strong>maiores</strong></span> <span class='ocrx_word' id='word_1_17' title='bbox 780 828 936 904; x_wconf 89' lang='lat' dir='ltr'><strong>inquibus</strong></span> <span class='ocrx_word' id='word_1_18' title='bbox 958 829 1113 902; x_wconf 89' lang='lat' dir='ltr'><strong>complura</strong></span> <span class='ocrx_word' id='word_1_19' title='bbox 1136 847 1258 886; x_wconf 88' lang='lat' dir='ltr'><strong>munera</strong></span> <span class='ocrx_word' id='word_1_20' title='bbox 1278 837 1495 899; x_wconf 77' lang='lat' dir='ltr'><strong>enumerantur,</strong></span> <span class='ocrx_word' id='word_1_21' title='bbox 1516 847 1567 886; x_wconf 90' lang='lat' dir='ltr'><strong>non</strong></span> <span class='ocrx_word' id='word_1_22' title='bbox 1581 831 1628 887; x_wconf 89' lang='lat' dir='ltr'><strong>suh</strong></span> <span class='ocrx_word' id='word_1_23' title='bbox 1672 855 1673 924; x_wconf 58' lang='lat' dir='ltr'><strong>p</strong></span> 
     </span>
     <span class='ocr_line' id='line_1_5' title="bbox 324 925 1673 1008; baseline -0.001 -18"><span class='ocrx_word' id='word_1_24' title='bbox 324 932 461 990; x_wconf 92' lang='lat' dir='ltr'><strong>omnibus</strong></span> <span class='ocrx_word' id='word_1_25' title='bbox 477 931 625 1008; x_wconf 82' lang='lat' dir='ltr'><strong>capitibus</strong></span> <span class='ocrx_word' id='word_1_26' title='bbox 640 929 745 1006; x_wconf 90' lang='lat' dir='ltr'><strong>plenos</strong></span> <span class='ocrx_word' id='word_1_27' title='bbox 761 929 908 1006; x_wconf 87' lang='lat' dir='ltr'><strong>adscripsi</strong></span> <span class='ocrx_word' id='word_1_28' title='bbox 929 929 991 1001; x_wconf 87' lang='lat' dir='ltr'><strong>sed,</strong></span> <span class='ocrx_word' id='word_1_29' title='bbox 1015 948 1090 1006; x_wconf 86' lang='lat' dir='ltr'><strong>quae</strong></span> <span class='ocrx_word' id='word_1_30' title='bbox 1109 931 1215 1006; x_wconf 86' lang='lat' dir='ltr'><strong>cuique</strong></span> <span class='ocrx_word' id='word_1_31' title='bbox 1230 931 1297 989; x_wconf 92' lang='lat' dir='ltr'><strong>loco</strong></span> <span class='ocrx_word' id='word_1_32' title='bbox 1313 939 1385 1006; x_wconf 90' lang='lat' dir='ltr'><strong>apta</strong></span> <span class='ocrx_word' id='word_1_33' title='bbox 1399 941 1491 1002; x_wconf 88' lang='lat' dir='ltr'><strong>erant,</strong></span> <span class='ocrx_word' id='word_1_34' title='bbox 1505 933 1628 1007; x_wconf 84' lang='lat' dir='ltr'><strong>excerpsi.</strong></span> <span class='ocrx_word' id='word_1_35' title='bbox 1672 925 1673 934; x_wconf 71' lang='grc'>’</span> 
     </span>
     <span class='ocr_line' id='line_1_6' title="bbox 326 1032 1629 1110; baseline 0.002 -20"><span class='ocrx_word' id='word_1_36' title='bbox 326 1032 384 1106; x_wconf 82' lang='lat' dir='ltr'><strong>Qui</strong></span> <span class='ocrx_word' id='word_1_37' title='bbox 408 1033 538 1108; x_wconf 86' lang='lat' dir='ltr'><strong>integros</strong></span> <span class='ocrx_word' id='word_1_38' title='bbox 561 1032 659 1110; x_wconf 85' lang='lat' dir='ltr'><strong>legere</strong></span> <span class='ocrx_word' id='word_1_39' title='bbox 682 1033 769 1103; x_wconf 87' lang='lat' dir='ltr'><strong>volet,</strong></span> <span class='ocrx_word' id='word_1_40' title='bbox 797 1039 950 1108; x_wconf 89' lang='lat' dir='ltr'><strong>postremo</strong></span> <span class='ocrx_word' id='word_1_41' title='bbox 972 1033 1079 1108; x_wconf 88' lang='lat' dir='ltr'><strong>capite,</strong></span> <span class='ocrx_word' id='word_1_42' title='bbox 1106 1033 1186 1110; x_wconf 90' lang='lat' dir='ltr'><strong>quod</strong></span> <span class='ocrx_word' id='word_1_43' title='bbox 1212 1041 1257 1093; x_wconf 87' lang='lat' dir='ltr'><strong>eat</strong></span> <span class='ocrx_word' id='word_1_44' title='bbox 1277 1034 1314 1092; x_wconf 84' lang='lat' dir='ltr'><strong>de</strong></span> <span class='ocrx_word' id='word_1_45' title='bbox 1336 1034 1518 1109; x_wconf 85' lang='lat' dir='ltr'><strong>promotione</strong></span> <span class='ocrx_word' id='word_1_46' title='bbox 1537 1035 1629 1109; x_wconf 88' lang='lat' dir='ltr'><strong>princi·</strong></span> 
     </span>
     <span class='ocr_line' id='line_1_7' title="bbox 322 1135 815 1212; baseline 0 -20"><span class='ocrx_word' id='word_1_47' title='bbox 322 1135 445 1212; x_wconf 88' lang='lat' dir='ltr'><strong>palium,</strong></span> <span class='ocrx_word' id='word_1_48' title='bbox 468 1154 521 1194; x_wconf 87' lang='lat' dir='ltr'><strong>eos</strong></span> <span class='ocrx_word' id='word_1_49' title='bbox 542 1135 653 1194; x_wconf 88' lang='lat' dir='ltr'><strong>relatos</strong></span> <span class='ocrx_word' id='word_1_50' title='bbox 677 1135 815 1194; x_wconf 89' lang='lat' dir='ltr'><strong>inveniet.</strong></span> 
     </span>
    </p>
   </div>
   <div class='ocr_carea' id='block_1_2' title="bbox 586 1481 1390 1704">
    <p class='ocr_par' dir='ltr' id='par_1_3' title="bbox 586 1481 1390 1704">
     <span class='ocr_line' id='line_1_8' title="bbox 972 1481 1000 1555; baseline -0.036 0"><span class='ocrx_word' id='word_1_51' title='bbox 972 1481 1000 1555; x_wconf 93' lang='grc' dir='ltr'><strong>Ι.</strong></span> 
     </span>
     <span class='ocr_line' id='line_1_9' title="bbox 586 1627 1390 1704; baseline 0 0"><span class='ocrx_word' id='word_1_52' title='bbox 586 1629 652 1704; x_wconf 86' lang='lat' dir='ltr'><strong>DE</strong></span> <span class='ocrx_word' id='word_1_53' title='bbox 681 1627 949 1704; x_wconf 82' lang='lat' dir='ltr'><strong>SIGNIFERIS</strong></span> <span class='ocrx_word' id='word_1_54' title='bbox 976 1630 1039 1702; x_wconf 85' lang='grc' dir='ltr'><strong>ΕΤ</strong></span> <span class='ocrx_word' id='word_1_55' title='bbox 1068 1629 1390 1704; x_wconf 80' lang='lat' dir='ltr'><strong>VEXILLARIIS.</strong></span> 
     </span>
    </p>
   </div>
   <div class='ocr_carea' id='block_1_3' title="bbox 323 1838 1673 2830">
    <p class='ocr_par' dir='ltr' id='par_1_4' title="bbox 323 1838 1673 2330">
     <span class='ocr_line' id='line_1_10' title="bbox 407 1838 1628 1917; baseline 0.001 -17"><span class='ocrx_word' id='word_1_56' title='bbox 407 1843 430 1900; x_wconf 93' lang='grc' dir='ltr'><strong>Ι.</strong></span> <span class='ocrx_word' id='word_1_57' title='bbox 475 1841 597 1899; x_wconf 89' lang='lat' dir='ltr'><strong>Initium</strong></span> <span class='ocrx_word' id='word_1_58' title='bbox 620 1838 787 1897; x_wconf 87' lang='lat' dir='ltr'><strong>iaciendum</strong></span> <span class='ocrx_word' id='word_1_59' title='bbox 811 1845 855 1896; x_wconf 88' lang='lat' dir='ltr'><strong>est</strong></span> <span class='ocrx_word' id='word_1_60' title='bbox 877 1858 896 1894; x_wconf 87' lang='lat' dir='ltr'><strong>a</strong></span> <span class='ocrx_word' id='word_1_61' title='bbox 917 1839 1089 1897; x_wconf 82' lang='lat' dir='ltr'><strong>cohortibus</strong></span> <span class='ocrx_word' id='word_1_62' title='bbox 1112 1839 1247 1917; x_wconf 85' lang='lat' dir='ltr'><strong>vigilum,</strong></span> <span class='ocrx_word' id='word_1_63' title='bbox 1273 1859 1401 1916; x_wconf 91' lang='lat' dir='ltr'><strong>quarum</strong></span> <span class='ocrx_word' id='word_1_64' title='bbox 1424 1843 1561 1901; x_wconf 83' lang='lat' dir='ltr'><strong>vexillarii</strong></span> <span class='ocrx_word' id='word_1_65' title='bbox 1581 1863 1628 1901; x_wconf 91' lang='lat' dir='ltr'><strong>uon</strong></span> 
     </span>
     <span class='ocr_line' id='line_1_11' title="bbox 323 1940 1673 2056; baseline -0.001 -53"><span class='ocrx_word' id='word_1_66' title='bbox 323 1966 392 2004; x_wconf 87' lang='lat' dir='ltr'><strong>raro</strong></span> <span class='ocrx_word' id='word_1_67' title='bbox 415 1946 458 2002; x_wconf 86' lang='lat' dir='ltr'><strong>ita</strong></span> <span class='ocrx_word' id='word_1_68' title='bbox 479 1951 756 2013; x_wconf 80' lang='lat' dir='ltr'><strong>commemorantur,</strong></span> <span class='ocrx_word' id='word_1_69' title='bbox 779 1951 810 1998; x_wconf 94' lang='lat' dir='ltr'><strong>ut</strong></span> <span class='ocrx_word' id='word_1_70' title='bbox 832 1940 959 2000; x_wconf 88' lang='lat' dir='ltr'><strong>dubitari</strong></span> <span class='ocrx_word' id='word_1_71' title='bbox 982 1948 1118 2017; x_wconf 90' lang='lat' dir='ltr'><strong>nequeat,</strong></span> <span class='ocrx_word' id='word_1_72' title='bbox 1141 1945 1213 2019; x_wconf 91' lang='lat' dir='ltr'><strong>quin</strong></span> <span class='ocrx_word' id='word_1_73' title='bbox 1232 1944 1270 2001; x_wconf 87' lang='lat' dir='ltr'><strong>ad</strong></span> <span class='ocrx_word' id='word_1_74' title='bbox 1285 1943 1421 2020; x_wconf 85' lang='lat' dir='ltr'><strong>singulas</strong></span> <span class='ocrx_word' id='word_1_75' title='bbox 1443 1946 1579 2004; x_wconf 88' lang='lat' dir='ltr'><strong>centurias</strong></span> <span class='ocrx_word' id='word_1_76' title='bbox 1593 1964 1628 2002; x_wconf 88' lang='lat' dir='ltr'><strong>re·</strong></span> <span class='ocrx_word' id='word_1_77' title='bbox 1672 1997 1673 2056; x_wconf 32' lang='grc'><strong>1</strong></span> 
     </span>
     <span class='ocr_line' id='line_1_12' title="bbox 324 2042 1673 2122; baseline 0.001 -17"><span class='ocrx_word' id='word_1_78' title='bbox 324 2048 522 2106; x_wconf 85' lang='lat' dir='ltr'><strong>ferendiaint.</strong></span> <span class='ocrx_word' id='word_1_79' title='bbox 559 2043 636 2102; x_wconf 86' lang='lat' dir='ltr'><strong>Nam</strong></span> <span class='ocrx_word' id='word_1_80' title='bbox 659 2051 688 2101; x_wconf 93' lang='lat' dir='ltr'><strong>et</strong></span> <span class='ocrx_word' id='word_1_81' title='bbox 707 2045 738 2100; x_wconf 91' lang='lat' dir='ltr'><strong>in</strong></span> <span class='ocrx_word' id='word_1_82' title='bbox 760 2042 910 2101; x_wconf 87' lang='lat' dir='ltr'><strong>laterculis</strong></span> <span class='ocrx_word' id='word_1_83' title='bbox 933 2062 952 2100; x_wconf 91' lang='lat' dir='ltr'><strong>a</strong></span> <span class='ocrx_word' id='word_1_84' title='bbox 972 2042 1185 2102; x_wconf 89' lang='lat' dir='ltr'><strong>Kellermanno</strong></span> <span class='ocrx_word' id='word_1_85' title='bbox 1207 2045 1341 2104; x_wconf 77' lang='lat' dir='ltr'><strong>tractatis</strong></span> <span class='ocrx_word' id='word_1_86' title='bbox 1364 2046 1434 2122; x_wconf 91' lang='lat' dir='ltr'><strong>(VI,</strong></span> <span class='ocrx_word' id='word_1_87' title='bbox 1452 2048 1533 2106; x_wconf 78' lang='lat'><strong>1057.</strong></span> <span class='ocrx_word' id='word_1_88' title='bbox 1550 2048 1627 2121; x_wconf 75' lang='grc'><strong>1033)</strong></span> <span class='ocrx_word' id='word_1_89' title='bbox 1672 2057 1673 2066; x_wconf 59' lang='lat'>¹</span> 
     </span>
     <span class='ocr_line' id='line_1_13' title="bbox 325 2144 1627 2226; baseline -0.002 -18"><span class='ocrx_word' id='word_1_90' title='bbox 325 2151 398 2208; x_wconf 90' lang='lat' dir='ltr'><strong>etin</strong></span> <span class='ocrx_word' id='word_1_91' title='bbox 415 2149 505 2208; x_wconf 82' lang='lat' dir='ltr'><strong>simili</strong></span> <span class='ocrx_word' id='word_1_92' title='bbox 520 2147 573 2220; x_wconf 84' lang='lat' dir='ltr'><strong>vl,</strong></span> <span class='ocrx_word' id='word_1_93' title='bbox 591 2145 670 2204; x_wconf 85' lang='lat'>1056</span> <span class='ocrx_word' id='word_1_94' title='bbox 693 2144 829 2222; x_wconf 83' lang='lat' dir='ltr'><strong>singulae</strong></span> <span class='ocrx_word' id='word_1_95' title='bbox 852 2145 1001 2203; x_wconf 86' lang='lat' dir='ltr'><strong>centuriae</strong></span> <span class='ocrx_word' id='word_1_96' title='bbox 1023 2147 1102 2206; x_wconf 88' lang='lat' dir='ltr'><strong>inter</strong></span> <span class='ocrx_word' id='word_1_97' title='bbox 1124 2157 1237 2206; x_wconf 88' lang='lat' dir='ltr'><strong>ceteros</strong></span> <span class='ocrx_word' id='word_1_98' title='bbox 1257 2147 1439 2226; x_wconf 86' lang='lat' dir='ltr'><strong>principales</strong></span> <span class='ocrx_word' id='word_1_99' title='bbox 1462 2149 1562 2208; x_wconf 90' lang='lat' dir='ltr'><strong>habent</strong></span> <span class='ocrx_word' id='word_1_100' title='bbox 1581 2151 1627 2208; x_wconf 82' lang='lat' dir='ltr'><strong>sin·</strong></span> 
     </span>
     <span class='ocr_line' id='line_1_14' title="bbox 326 2251 620 2330; baseline -0.014 -20"><span class='ocrx_word' id='word_1_101' title='bbox 326 2253 413 2330; x_wconf 81' lang='lat' dir='ltr'><strong>gulos</strong></span> <span class='ocrx_word' id='word_1_102' title='bbox 436 2251 620 2310; x_wconf 85' lang='lat' dir='ltr'><strong>vexillarios.</strong></span> 
     </span>
    </p>

    <p class='ocr_par' dir='ltr' id='par_1_5' title="bbox 366 2351 1121 2428">
     <span class='ocr_line' id='line_1_15' title="bbox 366 2351 1121 2428; baseline -0.003 -16"><span class='ocrx_word' id='word_1_103' title='bbox 366 2356 400 2412; x_wconf 90' lang='lat' dir='ltr'><strong>ln</strong></span> <span class='ocrx_word' id='word_1_104' title='bbox 424 2355 545 2412; x_wconf 87' lang='lat' dir='ltr'><strong>cohorte</strong></span> <span class='ocrx_word' id='word_1_105' title='bbox 566 2354 591 2411; x_wconf 93' lang='lat' dir='ltr'><strong>I.</strong></span> <span class='ocrx_word' id='word_1_106' title='bbox 615 2351 737 2428; x_wconf 86' lang='lat' dir='ltr'><strong>vigilum</strong></span> <span class='ocrx_word' id='word_1_107' title='bbox 761 2351 966 2410; x_wconf 86' lang='lat' dir='ltr'><strong>Antoniniana</strong></span> <span class='ocrx_word' id='word_1_108' title='bbox 987 2359 1057 2410; x_wconf 89' lang='lat' dir='ltr'><strong>sunt</strong></span> <span class='ocrx_word' id='word_1_109' title='bbox 1077 2353 1121 2410; x_wconf 83' lang='lat' dir='ltr'><strong>hi:</strong></span> 
     </span>
    </p>

    <p class='ocr_par' dir='ltr' id='par_1_6' title="bbox 412 2455 1169 2527">
     <span class='ocr_line' id='line_1_16' title="bbox 412 2455 1169 2527; baseline -0.005 -14"><span class='ocrx_word' id='word_1_110' title='bbox 412 2459 437 2515; x_wconf 91' lang='lat' dir='ltr'><strong>l.</strong></span> <span class='ocrx_word' id='word_1_111' title='bbox 473 2475 539 2514; x_wconf 84' lang='lat' dir='ltr'><strong>vex.</strong></span> <span class='ocrx_word' id='word_1_112' title='bbox 563 2455 691 2513; x_wconf 88' lang='lat' dir='ltr'><strong>Paccius</strong></span> <span class='ocrx_word' id='word_1_113' title='bbox 715 2455 894 2527; x_wconf 86' lang='lat' dir='ltr'><strong>Paccianus,</strong></span> <span class='ocrx_word' id='word_1_114' title='bbox 917 2457 1033 2506; x_wconf 79' lang='lat' dir='ltr'><strong>centuria</strong></span> <span class='ocrx_word' id='word_1_115' title='bbox 1051 2457 1169 2522; x_wconf 77' lang='lat' dir='ltr'><strong>Ingenui.</strong></span> 
     </span>
    </p>

    <p class='ocr_par' dir='ltr' id='par_1_7' title="bbox 409 2543 1443 2635">
     <span class='ocr_line' id='line_1_17' title="bbox 409 2543 1443 2635; baseline -0.003 -18"><span class='ocrx_word' id='word_1_116' title='bbox 409 2561 436 2617; x_wconf 77' lang='lat'><strong>2.</strong></span> <span class='ocrx_word' id='word_1_117' title='bbox 472 2578 538 2618; x_wconf 79' lang='lat' dir='ltr'><strong>veit.</strong></span> <span class='ocrx_word' id='word_1_118' title='bbox 561 2558 689 2635; x_wconf 83' lang='lat' dir='ltr'><strong>Agidins</strong></span> <span class='ocrx_word' id='word_1_119' title='bbox 713 2555 869 2626; x_wconf 76' lang='lat' dir='ltr'><strong>Cln·estuS‚</strong></span> <span class='ocrx_word' id='word_1_120' title='bbox 894 2559 1011 2608; x_wconf 74' lang='lat' dir='ltr'><strong>centuria</strong></span> <span class='ocrx_word' id='word_1_121' title='bbox 1024 2559 1145 2608; x_wconf 71' lang='lat' dir='ltr'><strong>victore.</strong></span> <span class='ocrx_word' id='word_1_122' title='bbox 1245 2557 1269 2592; x_wconf 74' lang='lat'><strong>³·</strong></span> <span class='ocrx_word' id='word_1_123' title='bbox 1289 2561 1314 2608; x_wconf 83' lang='lat' dir='ltr'><strong>P·</strong></span> <span class='ocrx_word' id='word_1_124' title='bbox 1336 2543 1365 2594; x_wconf 72' lang='lat' dir='ltr'><strong>G·</strong></span> <span class='ocrx_word' id='word_1_125' title='bbox 1381 2543 1443 2594; x_wconf 75' lang='lat'><strong>²⁰5·</strong></span> 
     </span>
    </p>

    <p class='ocr_par' dir='ltr' id='par_1_8' title="bbox 409 2659 1440 2754">
     <span class='ocr_line' id='line_1_18' title="bbox 409 2659 1440 2754; baseline -0.003 -36"><span class='ocrx_word' id='word_1_126' title='bbox 409 2663 436 2718; x_wconf 88' lang='grc'><strong>3.</strong></span> <span class='ocrx_word' id='word_1_127' title='bbox 473 2680 538 2719; x_wconf 86' lang='lat' dir='ltr'><strong>rex.</strong></span> <span class='ocrx_word' id='word_1_128' title='bbox 563 2660 698 2720; x_wconf 89' lang='lat' dir='ltr'><strong>Rennius</strong></span> <span class='ocrx_word' id='word_1_129' title='bbox 720 2659 819 2730; x_wconf 84' lang='lat' dir='ltr'><strong>Felix,</strong></span> <span class='ocrx_word' id='word_1_130' title='bbox 843 2661 957 2709; x_wconf 81' lang='lat' dir='ltr'><strong>centuria</strong></span> <span class='ocrx_word' id='word_1_131' title='bbox 977 2660 1103 2721; x_wconf 85' lang='lat' dir='ltr'><strong>Quintini.</strong></span> <span class='ocrx_word' id='word_1_132' title='bbox 1246 2691 1275 2742; x_wconf 41' lang='grc' dir='ltr'><strong>Ο.</strong></span> <span class='ocrx_word' id='word_1_133' title='bbox 1290 2692 1337 2754; x_wconf 51' lang='lat' dir='ltr'><strong>VI,</strong></span> <span class='ocrx_word' id='word_1_134' title='bbox 1361 2693 1440 2743; x_wconf 78' lang='lat'><strong>1056.</strong></span> 
     </span>
    </p>

    <p class='ocr_par' dir='ltr' id='par_1_9' title="bbox 409 2759 1150 2830">
     <span class='ocr_line' id='line_1_19' title="bbox 409 2759 1150 2830; baseline -0.008 -10"><span class='ocrx_word' id='word_1_135' title='bbox 409 2765 437 2821; x_wconf 89' lang='grc'><strong>4.</strong></span> <span class='ocrx_word' id='word_1_136' title='bbox 473 2782 539 2822; x_wconf 79' lang='lat' dir='ltr'><strong>vex.</strong></span> <span class='ocrx_word' id='word_1_137' title='bbox 563 2763 665 2821; x_wconf 91' lang='lat' dir='ltr'><strong>Titius</strong></span> <span class='ocrx_word' id='word_1_138' title='bbox 689 2759 880 2830; x_wconf 88' lang='lat' dir='ltr'><strong>Saturninus,</strong></span> <span class='ocrx_word' id='word_1_139' title='bbox 903 2762 1019 2812; x_wconf 81' lang='lat' dir='ltr'><strong>centuria</strong></span> <span class='ocrx_word' id='word_1_140' title='bbox 1036 2761 1150 2812; x_wconf 86' lang='lat' dir='ltr'><strong>Iuvenis.</strong></span> 
     </span>
    </p>
   </div>
   <div class='ocr_carea' id='block_1_4' title="bbox 325 2341 1673 5100">
    <p class='ocr_par' dir='ltr' id='par_1_10' title="bbox 325 2341 1673 5100">
     <span class='ocr_line' id='line_1_20' title="bbox 1672 2341 1673 2400; baseline 0 0"><span class='ocrx_word' id='word_1_141' title='bbox 1672 2341 1673 2400; x_wconf 88' lang='lat' dir='ltr'><strong>l</strong></span> 
     </span>
     <span class='ocr_line' id='line_1_21' title="bbox 366 2867 805 2945; baseline -0.009 -18"><span class='ocrx_word' id='word_1_142' title='bbox 366 2871 403 2928; x_wconf 92' lang='lat' dir='ltr'><strong>In</strong></span> <span class='ocrx_word' id='word_1_143' title='bbox 425 2871 548 2928; x_wconf 88' lang='lat' dir='ltr'><strong>cohorte</strong></span> <span class='ocrx_word' id='word_1_144' title='bbox 563 2869 599 2927; x_wconf 88' lang='lat' dir='ltr'><strong>V.</strong></span> <span class='ocrx_word' id='word_1_145' title='bbox 616 2869 738 2945; x_wconf 86' lang='lat' dir='ltr'><strong>vigilum</strong></span> <span class='ocrx_word' id='word_1_146' title='bbox 761 2867 805 2925; x_wconf 91' lang='lat' dir='ltr'><strong>hi:</strong></span> 
     </span>
     <span class='ocr_line' id='line_1_22' title="bbox 410 2970 1360 3038; baseline 0 -15"><span class='ocrx_word' id='word_1_147' title='bbox 410 2973 437 3031; x_wconf 83' lang='grc'><strong>5,</strong></span> <span class='ocrx_word' id='word_1_148' title='bbox 471 2991 538 3030; x_wconf 78' lang='lat' dir='ltr'><strong>vex.</strong></span> <span class='ocrx_word' id='word_1_149' title='bbox 561 2971 597 3030; x_wconf 85' lang='lat' dir='ltr'><strong>T.</strong></span> <span class='ocrx_word' id='word_1_150' title='bbox 614 2971 723 3029; x_wconf 80' lang='lat' dir='ltr'><strong>Vibius</strong></span> <span class='ocrx_word' id='word_1_151' title='bbox 743 2970 902 3038; x_wconf 80' lang='lat' dir='ltr'><strong>Paternus,</strong></span> <span class='ocrx_word' id='word_1_152' title='bbox 925 2972 1040 3020; x_wconf 84' lang='lat' dir='ltr'><strong>centuria</strong></span> <span class='ocrx_word' id='word_1_153' title='bbox 1059 2971 1180 3022; x_wconf 86' lang='lat' dir='ltr'><strong>Caeserni</strong></span> <span class='ocrx_word' id='word_1_154' title='bbox 1201 2972 1360 3024; x_wconf 83' lang='lat' dir='ltr'><strong>Senecionis.</strong></span> 
     </span>
     <span class='ocr_line' id='line_1_23' title="bbox 410 3070 1423 3146; baseline -0.004 -15"><span class='ocrx_word' id='word_1_155' title='bbox 410 3076 437 3132; x_wconf 81' lang='lat'><strong>6.</strong></span> <span class='ocrx_word' id='word_1_156' title='bbox 473 3093 538 3131; x_wconf 74' lang='lat' dir='ltr'><strong>vett.</strong></span> <span class='ocrx_word' id='word_1_157' title='bbox 550 3073 567 3130; x_wconf 87' lang='grc'><strong><em>7</em></strong></span> <span class='ocrx_word' id='word_1_158' title='bbox 578 3072 613 3130; x_wconf 86' lang='lat' dir='ltr'><strong>L.</strong></span> <span class='ocrx_word' id='word_1_159' title='bbox 628 3071 842 3146; x_wconf 86' lang='lat' dir='ltr'><strong>Hordion(ius)</strong></span> <span class='ocrx_word' id='word_1_160' title='bbox 855 3070 1062 3146; x_wconf 84' lang='lat' dir='ltr'><strong>Pecutiar(is)‚</strong></span> <span class='ocrx_word' id='word_1_161' title='bbox 1083 3074 1197 3124; x_wconf 87' lang='lat' dir='ltr'><strong>centuria</strong></span> <span class='ocrx_word' id='word_1_162' title='bbox 1211 3075 1271 3124; x_wconf 78' lang='lat' dir='ltr'><strong>Aeli</strong></span> <span class='ocrx_word' id='word_1_163' title='bbox 1288 3076 1423 3142; x_wconf 88' lang='lat' dir='ltr'><strong>Torquati.</strong></span> 
     </span>
     <span class='ocr_line' id='line_1_24' title="bbox 409 3173 1347 3250; baseline -0.006 -18"><span class='ocrx_word' id='word_1_164' title='bbox 409 3177 436 3233; x_wconf 82' lang='lat' dir='ltr'><strong>i.</strong></span> <span class='ocrx_word' id='word_1_165' title='bbox 472 3195 538 3234; x_wconf 84' lang='lat' dir='ltr'><strong>vex.</strong></span> <span class='ocrx_word' id='word_1_166' title='bbox 561 3175 603 3234; x_wconf 89' lang='lat' dir='ltr'><strong>M.</strong></span> <span class='ocrx_word' id='word_1_167' title='bbox 620 3173 799 3250; x_wconf 87' lang='lat' dir='ltr'><strong>Cannei(us)</strong></span> <span class='ocrx_word' id='word_1_168' title='bbox 816 3174 964 3244; x_wconf 89' lang='lat' dir='ltr'><strong>Titianus,</strong></span> <span class='ocrx_word' id='word_1_169' title='bbox 988 3176 1102 3225; x_wconf 83' lang='lat' dir='ltr'><strong>centuria</strong></span> <span class='ocrx_word' id='word_1_170' title='bbox 1120 3176 1192 3241; x_wconf 82' lang='lat' dir='ltr'><strong>Ulpii</strong></span> <span class='ocrx_word' id='word_1_171' title='bbox 1211 3177 1347 3228; x_wconf 84' lang='lat' dir='ltr'><strong>Rutiliani.</strong></span> 
     </span>
     <span class='ocr_line' id='line_1_25' title="bbox 410 3276 1622 3348; baseline -0.004 -14"><span class='ocrx_word' id='word_1_172' title='bbox 410 3277 436 3334; x_wconf 82' lang='lat'><strong>8.</strong></span> <span class='ocrx_word' id='word_1_173' title='bbox 471 3297 537 3335; x_wconf 87' lang='lat' dir='ltr'><strong>vex.</strong></span> <span class='ocrx_word' id='word_1_174' title='bbox 560 3278 600 3335; x_wconf 89' lang='lat' dir='ltr'><strong>M.</strong></span> <span class='ocrx_word' id='word_1_175' title='bbox 625 3277 728 3335; x_wconf 91' lang='lat' dir='ltr'><strong>Iunius</strong></span> <span class='ocrx_word' id='word_1_176' title='bbox 749 3276 858 3348; x_wconf 88' lang='lat' dir='ltr'><strong>Ruius,</strong></span> <span class='ocrx_word' id='word_1_177' title='bbox 880 3277 996 3328; x_wconf 80' lang='lat' dir='ltr'><strong>centurie</strong></span> <span class='ocrx_word' id='word_1_178' title='bbox 1015 3277 1141 3327; x_wconf 65' lang='lat' dir='ltr'><strong>&#39;Taurisci</strong></span> <span class='ocrx_word' id='word_1_179' title='bbox 1462 3283 1622 3347; x_wconf 81' lang='lat' dir='ltr'><strong>C.VI‚105i</strong></span> 
     </span>
     <span class='ocr_line' id='line_1_26' title="bbox 410 3281 1441 3641; baseline -0.009 -203"><span class='ocrx_word' id='word_1_180' title='bbox 410 3380 436 3438; x_wconf 82' lang='lat'><strong>9.</strong></span> <span class='ocrx_word' id='word_1_181' title='bbox 473 3399 536 3436; x_wconf 86' lang='lat' dir='ltr'><strong>rex.</strong></span> <span class='ocrx_word' id='word_1_182' title='bbox 561 3378 591 3440; x_wconf 89' lang='lat' dir='ltr'><strong>S.</strong></span> <span class='ocrx_word' id='word_1_183' title='bbox 616 3377 790 3455; x_wconf 84' lang='lat' dir='ltr'><strong>Cland(ius)</strong></span> <span class='ocrx_word' id='word_1_184' title='bbox 815 3379 913 3450; x_wconf 85' lang='lat' dir='ltr'><strong>Felix,</strong></span> <span class='ocrx_word' id='word_1_185' title='bbox 937 3380 1051 3428; x_wconf 84' lang='lat' dir='ltr'><strong>centuria</strong></span> <span class='ocrx_word' id='word_1_186' title='bbox 1071 3380 1220 3444; x_wconf 83' lang='lat' dir='ltr'><strong>Auluporis.</strong></span> <span class='ocrx_word' id='word_1_187' title='bbox 1427 3281 1441 3641; x_wconf 79' lang='grc' dir='ltr'>Ι</span> 
     </span>
     <span class='ocr_line' id='line_1_27' title="bbox 392 3479 1286 3556; baseline -0.004 -18"><span class='ocrx_word' id='word_1_188' title='bbox 392 3484 438 3539; x_wconf 90' lang='grc'><strong>10.</strong></span> <span class='ocrx_word' id='word_1_189' title='bbox 473 3502 539 3539; x_wconf 81' lang='lat' dir='ltr'><strong>rex.</strong></span> <span class='ocrx_word' id='word_1_190' title='bbox 564 3482 598 3539; x_wconf 91' lang='lat' dir='ltr'><strong>P.</strong></span> <span class='ocrx_word' id='word_1_191' title='bbox 622 3481 717 3540; x_wconf 89' lang='lat' dir='ltr'><strong>Iulius</strong></span> <span class='ocrx_word' id='word_1_192' title='bbox 740 3479 942 3556; x_wconf 86' lang='lat' dir='ltr'><strong>Faustin(us)‚</strong></span> <span class='ocrx_word' id='word_1_193' title='bbox 965 3483 1080 3530; x_wconf 79' lang='lat' dir='ltr'><strong>centuria</strong></span> <span class='ocrx_word' id='word_1_194' title='bbox 1100 3481 1129 3531; x_wconf 86' lang='lat' dir='ltr'><strong>C.</strong></span> <span class='ocrx_word' id='word_1_195' title='bbox 1149 3483 1200 3531; x_wconf 89' lang='lat' dir='ltr'><strong>Iuli</strong></span> <span class='ocrx_word' id='word_1_196' title='bbox 1218 3481 1286 3532; x_wconf 83' lang='lat' dir='ltr'><strong>Ruti.</strong></span> 
     </span>
     <span class='ocr_line' id='line_1_28' title="bbox 392 3581 1274 3653; baseline -0.014 -11"><span class='ocrx_word' id='word_1_197' title='bbox 392 3587 437 3642; x_wconf 94' lang='lat' dir='ltr'><strong>ll.</strong></span> <span class='ocrx_word' id='word_1_198' title='bbox 473 3603 539 3642; x_wconf 88' lang='lat' dir='ltr'><strong>vex.</strong></span> <span class='ocrx_word' id='word_1_199' title='bbox 561 3583 578 3640; x_wconf 87' lang='grc'><strong><em>7</em></strong></span> <span class='ocrx_word' id='word_1_200' title='bbox 600 3583 637 3644; x_wconf 83' lang='lat' dir='ltr'><strong>L.</strong></span> <span class='ocrx_word' id='word_1_201' title='bbox 662 3581 813 3641; x_wconf 86' lang='lat' dir='ltr'><strong>Domitius</strong></span> <span class='ocrx_word' id='word_1_202' title='bbox 836 3583 935 3653; x_wconf 82' lang='lat' dir='ltr'><strong>Felix,</strong></span> <span class='ocrx_word' id='word_1_203' title='bbox 958 3585 1074 3634; x_wconf 89' lang='lat' dir='ltr'><strong>centuria</strong></span> <span class='ocrx_word' id='word_1_204' title='bbox 1092 3583 1184 3632; x_wconf 85' lang='lat' dir='ltr'><strong>Aureli</strong></span> <span class='ocrx_word' id='word_1_205' title='bbox 1201 3584 1274 3634; x_wconf 88' lang='lat' dir='ltr'><strong>Iusti.</strong></span> 
     </span>
     <span class='ocr_line' id='line_1_29' title="bbox 370 3681 1130 3764; baseline -0.008 -20"><span class='ocrx_word' id='word_1_206' title='bbox 370 3688 404 3744; x_wconf 93' lang='lat' dir='ltr'><strong>ln</strong></span> <span class='ocrx_word' id='word_1_207' title='bbox 427 3687 528 3746; x_wconf 89' lang='lat' dir='ltr'><strong>eadem</strong></span> <span class='ocrx_word' id='word_1_208' title='bbox 551 3687 656 3764; x_wconf 85' lang='lat' dir='ltr'><strong>paucis</strong></span> <span class='ocrx_word' id='word_1_209' title='bbox 679 3687 766 3744; x_wconf 85' lang='lat' dir='ltr'><strong>aunis</strong></span> <span class='ocrx_word' id='word_1_210' title='bbox 788 3695 856 3760; x_wconf 91' lang='lat' dir='ltr'><strong>post</strong></span> <span class='ocrx_word' id='word_1_211' title='bbox 878 3684 921 3761; x_wconf 90' lang='lat' dir='ltr'><strong>(p.</strong></span> <span class='ocrx_word' id='word_1_212' title='bbox 937 3681 972 3742; x_wconf 83' lang='grc' dir='ltr'><strong>Ο.</strong></span> <span class='ocrx_word' id='word_1_213' title='bbox 990 3681 1064 3758; x_wconf 82' lang='lat'>210)</span> <span class='ocrx_word' id='word_1_214' title='bbox 1088 3683 1130 3740; x_wconf 92' lang='lat' dir='ltr'><strong>hi:</strong></span> 
     </span>
     <span class='ocr_line' id='line_1_30' title="bbox 392 3786 1290 3864; baseline -0.006 -18"><span class='ocrx_word' id='word_1_215' title='bbox 392 3789 438 3846; x_wconf 75' lang='lat' dir='ltr'><strong>ii.</strong></span> <span class='ocrx_word' id='word_1_216' title='bbox 471 3809 538 3847; x_wconf 87' lang='lat' dir='ltr'><strong>vex.</strong></span> <span class='ocrx_word' id='word_1_217' title='bbox 561 3789 596 3848; x_wconf 88' lang='lat' dir='ltr'><strong>P.</strong></span> <span class='ocrx_word' id='word_1_218' title='bbox 622 3787 804 3864; x_wconf 86' lang='lat' dir='ltr'><strong>Decim(ius)</strong></span> <span class='ocrx_word' id='word_1_219' title='bbox 827 3786 1009 3858; x_wconf 84' lang='lat' dir='ltr'><strong>Primianus,</strong></span> <span class='ocrx_word' id='word_1_220' title='bbox 1036 3789 1151 3838; x_wconf 75' lang='lat' dir='ltr'><strong>centuria</strong></span> <span class='ocrx_word' id='word_1_221' title='bbox 1164 3789 1290 3841; x_wconf 80' lang='lat' dir='ltr'><strong>Valentis.</strong></span> 
     </span>
     <span class='ocr_line' id='line_1_31' title="bbox 392 3889 1256 3960; baseline -0.008 -12"><span class='ocrx_word' id='word_1_222' title='bbox 392 3893 439 3950; x_wconf 87' lang='lat'><strong>13.</strong></span> <span class='ocrx_word' id='word_1_223' title='bbox 473 3910 541 3948; x_wconf 86' lang='lat' dir='ltr'><strong>vex.</strong></span> <span class='ocrx_word' id='word_1_224' title='bbox 563 3891 581 3947; x_wconf 89' lang='grc'><strong><em>7</em></strong></span> <span class='ocrx_word' id='word_1_225' title='bbox 602 3890 637 3949; x_wconf 89' lang='lat' dir='ltr'><strong>L.</strong></span> <span class='ocrx_word' id='word_1_226' title='bbox 661 3891 804 3948; x_wconf 86' lang='lat' dir='ltr'><strong>Aurelius</strong></span> <span class='ocrx_word' id='word_1_227' title='bbox 826 3889 1006 3960; x_wconf 87' lang='lat' dir='ltr'><strong>Felicianus‚</strong></span> <span class='ocrx_word' id='word_1_228' title='bbox 1030 3891 1145 3940; x_wconf 86' lang='lat' dir='ltr'><strong>centuria</strong></span> <span class='ocrx_word' id='word_1_229' title='bbox 1159 3892 1256 3942; x_wconf 87' lang='lat' dir='ltr'><strong>verini.</strong></span> 
     </span>
     <span class='ocr_line' id='line_1_32' title="bbox 393 3784 1537 4144; baseline -0.005 -94"><span class='ocrx_word' id='word_1_230' title='bbox 393 3994 439 4052; x_wconf 81' lang='lat'><strong>14.</strong></span> <span class='ocrx_word' id='word_1_231' title='bbox 476 4012 541 4050; x_wconf 84' lang='lat' dir='ltr'><strong>rex.</strong></span> <span class='ocrx_word' id='word_1_232' title='bbox 566 3991 600 4051; x_wconf 84' lang='lat' dir='ltr'><strong>C.</strong></span> <span class='ocrx_word' id='word_1_233' title='bbox 623 3994 809 4068; x_wconf 86' lang='lat' dir='ltr'><strong>Pomponius</strong></span> <span class='ocrx_word' id='word_1_234' title='bbox 831 3991 928 4064; x_wconf 87' lang='lat' dir='ltr'><strong>Felix,</strong></span> <span class='ocrx_word' id='word_1_235' title='bbox 952 3993 1067 4043; x_wconf 80' lang='lat' dir='ltr'><strong>centuria</strong></span> <span class='ocrx_word' id='word_1_236' title='bbox 1086 3993 1198 4043; x_wconf 85' lang='lat' dir='ltr'><strong>Romuli.</strong></span> <span class='ocrx_word' id='word_1_237' title='bbox 1301 3784 1317 4144; x_wconf 80' lang='lat'><strong>}</strong></span> <span class='ocrx_word' id='word_1_238' title='bbox 1350 3949 1537 4013; x_wconf 78' lang='lat' dir='ltr'><strong>C.VI,1058.</strong></span> 
     </span>
     <span class='ocr_line' id='line_1_33' title="bbox 391 4095 1185 4164; baseline -0.011 -10"><span class='ocrx_word' id='word_1_239' title='bbox 391 4095 438 4154; x_wconf 85' lang='lat'><strong>15·</strong></span> <span class='ocrx_word' id='word_1_240' title='bbox 473 4115 540 4153; x_wconf 87' lang='lat' dir='ltr'><strong>vex.</strong></span> <span class='ocrx_word' id='word_1_241' title='bbox 561 4095 579 4152; x_wconf 84' lang='lat'><strong><em>7</em></strong></span> <span class='ocrx_word' id='word_1_242' title='bbox 601 4095 641 4153; x_wconf 90' lang='lat' dir='ltr'><strong>M.</strong></span> <span class='ocrx_word' id='word_1_243' title='bbox 663 4095 768 4154; x_wconf 87' lang='lat' dir='ltr'><strong>Iunius</strong></span> <span class='ocrx_word' id='word_1_244' title='bbox 791 4095 897 4164; x_wconf 84' lang='lat' dir='ltr'><strong>Ruina,</strong></span> <span class='ocrx_word' id='word_1_245' title='bbox 920 4097 1036 4145; x_wconf 87' lang='lat' dir='ltr'><strong>centuria</strong></span> <span class='ocrx_word' id='word_1_246' title='bbox 1054 4095 1185 4148; x_wconf 86' lang='lat' dir='ltr'><strong>Sohaemi.</strong></span> 
     </span>
     <span class='ocr_line' id='line_1_34' title="bbox 327 4199 1621 4280; baseline -0.006 -22"><span class='ocrx_word' id='word_1_247' title='bbox 327 4201 445 4259; x_wconf 87' lang='lat' dir='ltr'><strong>Desunt</strong></span> <span class='ocrx_word' id='word_1_248' title='bbox 467 4201 617 4259; x_wconf 82' lang='lat' dir='ltr'><strong>vexillarii</strong></span> <span class='ocrx_word' id='word_1_249' title='bbox 636 4201 679 4260; x_wconf 90' lang='lat' dir='ltr'><strong>eis</strong></span> <span class='ocrx_word' id='word_1_250' title='bbox 699 4209 812 4260; x_wconf 89' lang='lat' dir='ltr'><strong>tanturn</strong></span> <span class='ocrx_word' id='word_1_251' title='bbox 829 4200 982 4269; x_wconf 89' lang='lat' dir='ltr'><strong>centuriis,</strong></span> <span class='ocrx_word' id='word_1_252' title='bbox 1006 4217 1132 4275; x_wconf 88' lang='lat' dir='ltr'><strong>quarum</strong></span> <span class='ocrx_word' id='word_1_253' title='bbox 1155 4199 1290 4258; x_wconf 86' lang='lat' dir='ltr'><strong>laterculi</strong></span> <span class='ocrx_word' id='word_1_254' title='bbox 1314 4207 1368 4257; x_wconf 90' lang='lat' dir='ltr'><strong>aut</strong></span> <span class='ocrx_word' id='word_1_255' title='bbox 1389 4217 1511 4280; x_wconf 85' lang='lat' dir='ltr'><strong>prorsus</strong></span> <span class='ocrx_word' id='word_1_256' title='bbox 1525 4213 1621 4258; x_wconf 77' lang='lat' dir='ltr'><strong>evanue·</strong></span> 
     </span>
     <span class='ocr_line' id='line_1_35' title="bbox 327 4295 1621 4380; baseline 0.001 -21"><span class='ocrx_word' id='word_1_257' title='bbox 327 4312 394 4360; x_wconf 91' lang='lat' dir='ltr'><strong>rnnt</strong></span> <span class='ocrx_word' id='word_1_258' title='bbox 413 4311 464 4360; x_wconf 86' lang='lat' dir='ltr'><strong>aut</strong></span> <span class='ocrx_word' id='word_1_259' title='bbox 481 4304 577 4361; x_wconf 91' lang='lat' dir='ltr'><strong>mutili</strong></span> <span class='ocrx_word' id='word_1_260' title='bbox 600 4312 678 4362; x_wconf 92' lang='lat' dir='ltr'><strong>sunt.</strong></span> <span class='ocrx_word' id='word_1_261' title='bbox 716 4305 793 4362; x_wconf 81' lang='lat'>1058</span> <span class='ocrx_word' id='word_1_262' title='bbox 816 4303 847 4360; x_wconf 91' lang='lat' dir='ltr'><strong>in</strong></span> <span class='ocrx_word' id='word_1_263' title='bbox 870 4303 967 4378; x_wconf 90' lang='lat' dir='ltr'><strong>prima</strong></span> <span class='ocrx_word' id='word_1_264' title='bbox 987 4302 1121 4359; x_wconf 80' lang='lat' dir='ltr'><strong>centurie</strong></span> <span class='ocrx_word' id='word_1_265' title='bbox 1142 4311 1244 4360; x_wconf 85' lang='lat' dir='ltr'><strong>exstat</strong></span> <span class='ocrx_word' id='word_1_266' title='bbox 1265 4308 1337 4360; x_wconf 92' lang='lat' dir='ltr'><strong>nota</strong></span> <span class='ocrx_word' id='word_1_267' title='bbox 1358 4303 1538 4380; x_wconf 87' lang='lat' dir='ltr'><strong>praescripta</strong></span> <span class='ocrx_word' id='word_1_268' title='bbox 1552 4295 1621 4360; x_wconf 71' lang='lat' dir='ltr'><strong>vit,</strong></span> 
     </span>
     <span class='ocr_line' id='line_1_36' title="bbox 327 4403 1621 4481; baseline -0.005 -21"><span class='ocrx_word' id='word_1_269' title='bbox 327 4423 416 4480; x_wconf 91' lang='lat' dir='ltr'><strong>quam</strong></span> <span class='ocrx_word' id='word_1_270' title='bbox 444 4407 524 4480; x_wconf 91' lang='lat' dir='ltr'><strong>qaod</strong></span> <span class='ocrx_word' id='word_1_271' title='bbox 551 4425 658 4464; x_wconf 89' lang='lat' dir='ltr'><strong>nomen</strong></span> <span class='ocrx_word' id='word_1_272' title='bbox 686 4415 819 4465; x_wconf 90' lang='lat' dir='ltr'><strong>secutum</strong></span> <span class='ocrx_word' id='word_1_273' title='bbox 847 4406 901 4474; x_wconf 90' lang='lat' dir='ltr'><strong>sit,</strong></span> <span class='ocrx_word' id='word_1_274' title='bbox 934 4403 1061 4462; x_wconf 83' lang='lat' dir='ltr'><strong>sortasse</strong></span> <span class='ocrx_word' id='word_1_275' title='bbox 1088 4404 1189 4481; x_wconf 86' lang='lat' dir='ltr'><strong>colligi</strong></span> <span class='ocrx_word' id='word_1_276' title='bbox 1216 4413 1317 4480; x_wconf 90' lang='lat' dir='ltr'><strong>potest</strong></span> <span class='ocrx_word' id='word_1_277' title='bbox 1344 4423 1382 4462; x_wconf 87' lang='lat' dir='ltr'><strong>ex</strong></span> <span class='ocrx_word' id='word_1_278' title='bbox 1408 4405 1499 4464; x_wconf 87' lang='lat' dir='ltr'><strong>latere</strong></span> <span class='ocrx_word' id='word_1_279' title='bbox 1523 4403 1621 4462; x_wconf 80' lang='lat' dir='ltr'><strong>adverso</strong></span> 
     </span>
     <span class='ocr_line' id='line_1_37' title="bbox 327 4506 839 4584; baseline 0 -19"><span class='ocrx_word' id='word_1_280' title='bbox 327 4507 416 4565; x_wconf 87' lang='lat' dir='ltr'><strong>huius</strong></span> <span class='ocrx_word' id='word_1_281' title='bbox 439 4506 558 4584; x_wconf 85' lang='lat' dir='ltr'><strong>lepidis,</strong></span> <span class='ocrx_word' id='word_1_282' title='bbox 580 4508 611 4566; x_wconf 90' lang='lat' dir='ltr'><strong>in</strong></span> <span class='ocrx_word' id='word_1_283' title='bbox 633 4525 693 4583; x_wconf 92' lang='lat' dir='ltr'><strong>quo</strong></span> <span class='ocrx_word' id='word_1_284' title='bbox 716 4509 839 4584; x_wconf 86' lang='lat' dir='ltr'><strong>legitur:</strong></span> 
     </span>
     <span class='ocr_line' id='line_1_38' title="bbox 413 4609 1000 4683; baseline 0.003 -17"><span class='ocrx_word' id='word_1_285' title='bbox 413 4609 458 4666; x_wconf 91' lang='grc'><strong>16.</strong></span> <span class='ocrx_word' id='word_1_286' title='bbox 494 4609 534 4666; x_wconf 89' lang='lat' dir='ltr'><strong>M.</strong></span> <span class='ocrx_word' id='word_1_287' title='bbox 556 4609 688 4668; x_wconf 88' lang='lat' dir='ltr'><strong>Minucio</strong></span> <span class='ocrx_word' id='word_1_288' title='bbox 711 4609 866 4668; x_wconf 87' lang='lat' dir='ltr'><strong>Honorato</strong></span> <span class='ocrx_word' id='word_1_289' title='bbox 890 4611 1000 4683; x_wconf 72' lang='lat' dir='ltr'><strong>vexill,</strong></span> 
     </span>
     <span class='ocr_line' id='line_1_39' title="bbox 326 4708 1621 4790; baseline 0 -22"><span class='ocrx_word' id='word_1_290' title='bbox 326 4711 377 4787; x_wconf 89' lang='lat' dir='ltr'><strong>qni</strong></span> <span class='ocrx_word' id='word_1_291' title='bbox 409 4731 511 4770; x_wconf 89' lang='lat' dir='ltr'><strong>curam</strong></span> <span class='ocrx_word' id='word_1_292' title='bbox 542 4712 643 4789; x_wconf 89' lang='lat' dir='ltr'><strong>operis</strong></span> <span class='ocrx_word' id='word_1_293' title='bbox 673 4712 802 4772; x_wconf 85' lang='lat' dir='ltr'><strong>faciendi</strong></span> <span class='ocrx_word' id='word_1_294' title='bbox 833 4715 893 4790; x_wconf 82' lang='lat' dir='ltr'><strong>egit</strong></span> <span class='ocrx_word' id='word_1_295' title='bbox 924 4733 984 4772; x_wconf 89' lang='lat' dir='ltr'><strong>una</strong></span> <span class='ocrx_word' id='word_1_296' title='bbox 1013 4733 1078 4772; x_wconf 86' lang='lat' dir='ltr'><strong>curn</strong></span> <span class='ocrx_word' id='word_1_297' title='bbox 1105 4711 1139 4772; x_wconf 89' lang='lat' dir='ltr'><strong>C.</strong></span> <span class='ocrx_word' id='word_1_298' title='bbox 1166 4713 1299 4772; x_wconf 88' lang='lat' dir='ltr'><strong>Antonio</strong></span> <span class='ocrx_word' id='word_1_299' title='bbox 1328 4713 1454 4772; x_wconf 84' lang='lat' dir='ltr'><strong>Antullo</strong></span> <span class='ocrx_word' id='word_1_300' title='bbox 1485 4708 1621 4772; x_wconf 78' lang='lat' dir='ltr'><strong>centurione</strong></span> 
     </span>
     <span class='ocr_line' id='line_1_40' title="bbox 326 4807 1619 4890; baseline -0.002 -20"><span class='ocrx_word' id='word_1_301' title='bbox 326 4813 440 4890; x_wconf 89' lang='lat' dir='ltr'><strong>primae</strong></span> <span class='ocrx_word' id='word_1_302' title='bbox 474 4814 633 4872; x_wconf 89' lang='lat' dir='ltr'><strong>centuriae.</strong></span> <span class='ocrx_word' id='word_1_303' title='bbox 669 4845 707 4857; x_wconf 90' lang='lat'><em>-</em></span> <span class='ocrx_word' id='word_1_304' title='bbox 741 4815 866 4874; x_wconf 88' lang='lat' dir='ltr'><strong>Praeter</strong></span> <span class='ocrx_word' id='word_1_305' title='bbox 896 4815 1055 4874; x_wconf 84' lang='lat' dir='ltr'><strong>laterculos</strong></span> <span class='ocrx_word' id='word_1_306' title='bbox 1088 4815 1234 4875; x_wconf 83' lang='lat' dir='ltr'><strong>vexillarii</strong></span> <span class='ocrx_word' id='word_1_307' title='bbox 1266 4817 1467 4875; x_wconf 88' lang='lat' dir='ltr'><strong>centuriarum</strong></span> <span class='ocrx_word' id='word_1_308' title='bbox 1496 4817 1523 4874; x_wconf 90' lang='lat' dir='ltr'><strong>in</strong></span> <span class='ocrx_word' id='word_1_309' title='bbox 1550 4807 1619 4868; x_wconf 81' lang='lat' dir='ltr'><strong>titulis</strong></span> 
     </span>
     <span class='ocr_line' id='line_1_41' title="bbox 325 4917 579 4993; baseline -0.008 -19"><span class='ocrx_word' id='word_1_310' title='bbox 325 4917 513 4993; x_wconf 87' lang='lat' dir='ltr'><strong>reperiuntur</strong></span> <span class='ocrx_word' id='word_1_311' title='bbox 535 4917 579 4973; x_wconf 91' lang='lat' dir='ltr'><strong>hi:</strong></span> 
     </span>
     <span class='ocr_line' id='line_1_42' title="bbox 413 5009 1617 5100; baseline -0.006 -24"><span class='ocrx_word' id='word_1_312' title='bbox 413 5021 459 5076; x_wconf 87' lang='grc'><strong>17.</strong></span> <span class='ocrx_word' id='word_1_313' title='bbox 495 5015 528 5078; x_wconf 85' lang='lat' dir='ltr'><strong>G.</strong></span> <span class='ocrx_word' id='word_1_314' title='bbox 550 5017 668 5077; x_wconf 89' lang='lat' dir='ltr'><strong>Virrius</strong></span> <span class='ocrx_word' id='word_1_315' title='bbox 695 5020 845 5080; x_wconf 90' lang='lat' dir='ltr'><strong>Iucundus</strong></span> <span class='ocrx_word' id='word_1_316' title='bbox 873 5021 961 5080; x_wconf 86' lang='lat' dir='ltr'><strong>vexil.</strong></span> <span class='ocrx_word' id='word_1_317' title='bbox 987 5021 1117 5080; x_wconf 82' lang='lat' dir='ltr'><strong>cohil.</strong></span> <span class='ocrx_word' id='word_1_318' title='bbox 1143 5021 1199 5100; x_wconf 81' lang='lat' dir='ltr'><strong>vig.</strong></span> <span class='ocrx_word' id='word_1_319' title='bbox 1223 5021 1386 5099; x_wconf 87' lang='lat' dir='ltr'><strong>(centuria)</strong></span> <span class='ocrx_word' id='word_1_320' title='bbox 1408 5021 1515 5082; x_wconf 85' lang='lat' dir='ltr'><strong>Viserti</strong></span> <span class='ocrx_word' id='word_1_321' title='bbox 1534 5009 1617 5075; x_wconf 79' lang='lat' dir='ltr'><strong>Latini·</strong></span> 
     </span>
    </p>
   </div>
   <div class='ocr_carea' id='block_1_5' title="bbox 251 5117 1617 5282">
    <p class='ocr_par' dir='ltr' id='par_1_11' title="bbox 251 5117 1617 5282">
     <span class='ocr_line' id='line_1_43' title="bbox 251 5117 1617 5202; baseline -0.007 -25"><span class='ocrx_word' id='word_1_322' title='bbox 251 5119 253 5124; x_wconf 73' lang='grc'><strong>’</strong></span> <span class='ocrx_word' id='word_1_323' title='bbox 327 5121 411 5179; x_wconf 87' lang='lat' dir='ltr'><strong>milit.</strong></span> <span class='ocrx_word' id='word_1_324' title='bbox 436 5119 503 5179; x_wconf 87' lang='lat' dir='ltr'><strong>anu.</strong></span> <span class='ocrx_word' id='word_1_325' title='bbox 520 5121 579 5194; x_wconf 88' lang='lat' dir='ltr'><strong>VI,</strong></span> <span class='ocrx_word' id='word_1_326' title='bbox 602 5141 677 5180; x_wconf 90' lang='lat' dir='ltr'><strong>meu.</strong></span> <span class='ocrx_word' id='word_1_327' title='bbox 696 5121 772 5194; x_wconf 90' lang='lat' dir='ltr'><strong>VII,</strong></span> <span class='ocrx_word' id='word_1_328' title='bbox 799 5123 863 5181; x_wconf 88' lang='lat' dir='ltr'><strong>dies</strong></span> <span class='ocrx_word' id='word_1_329' title='bbox 883 5123 1025 5195; x_wconf 88' lang='lat' dir='ltr'><strong>XVIIII,</strong></span> <span class='ocrx_word' id='word_1_330' title='bbox 1053 5123 1084 5182; x_wconf 93' lang='lat' dir='ltr'><strong>in</strong></span> <span class='ocrx_word' id='word_1_331' title='bbox 1106 5125 1150 5182; x_wconf 87' lang='lat' dir='ltr'><strong>eis</strong></span> <span class='ocrx_word' id='word_1_332' title='bbox 1173 5133 1323 5200; x_wconf 70' lang='lat' dir='ltr'><strong>tesseras,</strong></span> <span class='ocrx_word' id='word_1_333' title='bbox 1351 5125 1444 5202; x_wconf 87' lang='lat' dir='ltr'><strong>optio,</strong></span> <span class='ocrx_word' id='word_1_334' title='bbox 1470 5117 1617 5183; x_wconf 75' lang='lat' dir='ltr'><strong>vexillarius.</strong></span> 
     </span>
     <span class='ocr_line' id='line_1_44' title="bbox 329 5223 931 5282; baseline 0 -4"><span class='ocrx_word' id='word_1_335' title='bbox 329 5223 388 5280; x_wconf 77' lang='lat' dir='ltr'><strong>ris.</strong></span> <span class='ocrx_word' id='word_1_336' title='bbox 412 5243 479 5281; x_wconf 85' lang='lat' dir='ltr'><strong>ann.</strong></span> <span class='ocrx_word' id='word_1_337' title='bbox 502 5223 632 5282; x_wconf 87' lang='lat' dir='ltr'><strong>XXVII.</strong></span> <span class='ocrx_word' id='word_1_338' title='bbox 676 5227 751 5278; x_wconf 83' lang='lat' dir='ltr'><strong>Pisis.</strong></span> <span class='ocrx_word' id='word_1_339' title='bbox 791 5227 835 5278; x_wconf 92' lang='lat' dir='ltr'><strong>Or.</strong></span> <span class='ocrx_word' id='word_1_340' title='bbox 852 5227 931 5278; x_wconf 78' lang='grc'><strong>3480.</strong></span> 
     </span>
    </p>
   </div>
   <div class='ocr_carea' id='block_1_6' title="bbox 0 0 1700 5970">
    <p class='ocr_par' dir='ltr' id='par_1_12' title="bbox 0 0 1700 5970">
     <span class='ocr_line' id='line_1_45' title="bbox 0 0 1700 5970; baseline 0 0"><span class='ocrx_word' id='word_1_341' title='bbox 0 0 1700 5970; x_wconf 95' lang='lat' dir='ltr'><strong> </strong></span> 
     </span>
    </p>
   </div>
  </div>
 </body>
</html>
