3448 5970
71 617 176 664 est-554
514 610 709 662 PANNONIA
736 609 925 662 SVPERIOR.

71 785 128 844 548
149 787 255 845 Pettsn
279 784 390 861 [Gratz
414 785 512 860 mus}

71 1103 175 1160 Pichler
197 1103 277 1160 misit
299 1102 404 1159 charta
425 1118 608 1177 expressam.

71 1313 126 1371 549
148 1313 256 1372 Pettau
279 1312 387 1388 [Gretz
412 1311 511 1386 mns.].

71 1629 175 1688 Pithler
197 1629 287 1687 misit.

72 1856 128 1916 550
150 1856 306 1919 Carnunti.

613 1922 827 2064 Anxnnlsud

80 2103 226 2162 Hirschfeld
249 2106 343 2164 Minu.
363 2107 376 2160 l
403 2124 432 2180 p.
449 2105 516 2162 135.

669 2243 819 2250 ψ

74 2313 123 2374 551
142 2315 296 2376 Carnunti.

590 2397 832 2496 lxcmsxllrva

72 2563 224 2626 Hirschfeld
247 2569 341 2626 ntem.
364 2571 375 2625 1
401 2588 429 2644 p.
450 2569 516 2626 135.

819 2703 867 2710 a..-
889 2703 970 2709 -..Η-.-

75 2794 129 2853 ⁵52
148 2819 165 2855 a
186 2799 515 2874 Deutsch·Altenbnrg
540 2799 577 2856 ad
606 2797 806 2856 molendinum
834 2796 932 2872 Puffy
959 2815 1021 2872 rep.
1045 2795 1099 2870 [ibi
1127 2795 1205 2872 apud
1232 2795 1380 2853 lulianam

106 2898 245 2976 liuvani}
1215 2903 1218 2912 “

75 3000 87 3054 l
106 2999 411 3079 Deutsch-Altenbnrg
434 3003 525 3080 [apud
543 3002 755 3072 Hollitzerum3
778 3005 836 3060 iam
854 2999 1040 3061 Schweclrati
1064 3001 1143 3076 apud
1160 2999 1378 3075 Schmidtinm].

650 3203 786 3246 tuton

81 3319 225 3385 Hirschfeld
247 3325 342 3385 Mittit.
361 3329 373 3384 1
400 3347 429 3403 p.
449 3327 514 3384 143.

614 3465 765 3472 ——-

75 3547 127 3612 553
146 3555 299 3615 Petronell
322 3556 416 3634 [apud
437 3575 512 3616 com.
529 3556 657 3632 Trann].

623 3740 699 3783 SEC
736 3741 811 3784 SAB

72 3885 198 3962 llsjonice
218 3891 298 3968 apud
322 3891 555 3952 Hirschfeldinm
578 3891 706 3950 Mutul
732 3911 761 3970 p.
781 3891 847 3950 143.

461 4029 767 4038 -μ--ι--ω-ὺῳ

73 4093 130 4156 554
151 4103 255 4180 tegnlis
275 4121 352 4180 quas
373 4103 520 4162 edidimus
535 4102 611 4178 Eph.
629 4103 657 4160 ll
678 4123 706 4161 n.
724 4100 897 4160 925-929
915 4101 1086 4160 simillimae
1101 4102 1177 4160 aliae
1193 4102 1278 4174 duae,
1301 4121 1378 4179 quae

105 4201 180 4262 simul
201 4224 320 4282 quoque
342 4213 478 4282 repertas
499 4223 566 4263 esse
588 4205 737 4274 videntur,
760 4204 838 4262 dono
861 4203 996 4263 Thomas
1019 4204 1159 4262 Duhman
1182 4215 1326 4264 venerunt
1346 4205 1377 4262 iu

104 4321 224 4365 museum
238 4309 436 4384 Agramense.
474 4306 578 4365 Edidit
599 4325 650 4366 ees
672 4308 754 4383 ligno
776 4307 885 4366 incisas
908 4327 967 4366 uns
989 4325 1053 4366 cum
1077 4307 1138 4366 illis
1158 4305 1265 4382 Ljubid
1286 4308 1376 4366 inser.

102 4423 167 4466 mus.
187 4409 313 4488 Zagrab.
336 4431 367 4487 p.
382 4413 431 4470 45.
448 4411 498 4469 46.
541 4409 630 4468 Prior
653 4410 697 4468 sie
720 4409 835 4469 videtur
855 4409 962 4470 fnisse:

571 4617 593 4658 v
618 4617 683 4658 xxi.
715 4616 787 4659 xvc

572 4717 745 4760 snvuxvs
774 4718 850 4762 cclx

570 4819 719 4862 nostis
751 4821 850 4863 clxxx

571 4923 664 4966 turns
691 4907 849 4968 Efficxxxx

105 5102 270 5167 quamquam
293 5093 324 5151 in
346 5099 453 5170 ectypo
467 5091 619 5168 Ljubiohii
643 5093 708 5170 (qni
730 5095 795 5170 ipse
816 5095 890 5170 legit
904 5092 1036 5152 Suvurue
1050 5094 1140 5170 secitl
1163 5111 1225 5154 ...x
1248 5095 1252 5170 Ι
1278 5092 1375 5170 Sefiri·

102 5193 174 5249 nius?
185 5195 275 5268 feeit?
300 5196 304 5270 Ι
329 5198 359 5252 iu
379 5215 439 5253 una
454 5198 587 5272 fecerunt
603 5197 695 5273 xxxx)
718 5197 835 5272 reliqna
855 5197 973 5272 quidem
995 5197 1068 5255 satis
1090 5204 1300 5274 agnoscuntur,
1323 5195 1374 5254 sed

102 5291 179 5353 dubia
199 5305 268 5356 sunt
293 5315 399 5356 nomen
421 5313 528 5357 noxus
551 5308 580 5358 et
602 5299 716 5358 numeri
740 5298 823 5358 tfin.
848 5299 931 5358 3fin.
