3448 5970
524 625 714 678 66666666
743 626 924 678 mennon.
1317 606 1387 676 125

78 800 157 857 tendit
178 810 296 878 propter
319 801 438 876 figlinas
461 801 556 860 editas
580 821 598 858 a
619 801 747 859 Marinio
770 797 880 860 Statilii
897 798 999 860 Severi
1023 797 1128 860 6114
1151 798 1240 874 (Arc.
1256 818 1284 876 p.
1302 798 1389 874 306),

77 901 105 958 Τ.
120 899 226 961 61611111
240 903 365 962 Maximi
382 901 484 962 Ser-eri
507 914 536 962 et
558 923 586 962 a.
605 902 661 960 127
679 904 751 977 (1.6.
768 921 797 978 p.
811 903 885 977 318)
907 902 1019 960 6161116
1036 901 1101 962 sine
1116 901 1300 972 consulibus,
1323 897 1388 959 Sta·

75 1004 119 1062 tilii
133 1004 253 1064 Maximi
275 1007 342 1064 sine
364 1005 538 1064 consulibus
560 1006 594 1080 (l.
607 1025 632 1064 c.
656 1024 684 1080 p.
698 1005 783 1080 311).
818 1005 883 1082 Ego
899 1005 1016 1064 consuli
1038 1024 1064 1062 a.
1080 1004 1138 1062 144
1155 1001 1259 1062 Severi
1280 1021 1388 1060 nomen

75 1107 155 1164 fnisse
185 1127 244 1166 non
271 1107 464 1178 crediderim,
497 1126 563 1166 cum
590 1107 669 1166 tituli
703 1107 767 1165 eius
800 1108 874 1166 certi
906 1107 937 1166 id
970 1125 1029 1165 non
1063 1106 1207 1174 habeant,
1240 1105 1270 1164 in
1303 1105 1388 1164 titulo

75 1218 157 1266 autem
168 1209 343 1268 Pannonico
358 1219 427 1287 post
443 1211 567 1268 Maximi
583 1227 747 1286 cognomen
764 1209 985 1286 vigintiviratus
1002 1209 1127 1267 deficere
1143 1208 1278 1266 videatur
1294 1225 1389 1282 neque

75 1313 108 1367 ita
129 1311 210 1370 locus
236 1313 365 1386 relinqui
392 1312 476 1370 alteri
503 1312 680 1388 cognomini.
726 1311 762 1368 T.
787 1309 898 1370 Statilii
924 1312 1049 1370 Maximi
1080 1308 1184 1370 Severi
1219 1309 1296 1368 tituli
1327 1319 1388 1368 tres

75 1415 234 1488 Aegyptiaci
264 1415 461 1474 meminerunt
486 1415 545 1472 duo
566 1413 667 1472 Latini
694 1411 729 1472 C.
752 1413 811 1486 ΙΙΙ,
835 1413 883 1472 46.
908 1414 945 1470 47
970 1413 1172 1472 Memnoniani
1201 1420 1231 1470 et
1253 1409 1387 1470 Graecus

76 1513 101 1572 C.
122 1515 143 1572 Ι.
165 1513 201 1574 G.
224 1517 288 1588 111,
312 1515 416 1576 48156
443 1535 471 1592 p.
495 1515 593 1588 Ι1313;
626 1535 733 1574 nomen
766 1516 796 1573 in
829 1516 926 1591 primo
954 1523 1000 1574 est
1028 1516 1058 1572 Τ.
1084 1514 1217 1574 Statilius
1245 1513 1389 1571 1116666666

77 1616 123 1674 Se.
134 1661 140 1674 .
151 1637 167 1674 6
178 1663 185 1676 .
198 1661 216 1690 .,
238 1619 268 1676 16
285 1619 415 1677 secundo
437 1627 467 1676 et
482 1619 569 1678 tertio
586 1619 729 1676 flavimus
753 1618 844 1694 (male
860 1617 1007 1676 Franzius
1023 1617 1105 1674 dedit
1120 1609 1276 1695 tingimur)
1300 1614 1389 1674 Stati·

76 1719 133 1790 liur3
164 1740 272 1780 annum
305 1722 421 1797 primus
450 1721 541 1780 babet
569 1721 642 1792 136,
676 1720 806 1779 officium
833 1719 952 1796 idiologi
980 1721 1093 1778 tertius.
1142 1717 1201 1776 Hic
1226 1718 1317 1794 igitur
1343 1718 1389 1775 vir

76 1823 206 1897 equestris
229 1823 395 1882 nobilitatis
418 1843 436 1880 a
457 1833 562 1882 nostro
585 1822 716 1880 Maximo
739 1823 875 1881 diversus
904 1822 994 1881 fuerit
1019 1838 1141 1879 necesse
1169 1829 1228 1892 est,
1256 1817 1387 1878 credide-

12 1991 16 1998 ·
78 1925 174 2000 nmque
194 1935 310 2002 patrem
333 1927 428 1984 nostri
450 1945 516 1984 eum
539 1926 636 1984 fuisse
656 1935 686 1984 et
707 1926 771 1984 eius
792 1943 858 1983 esse
882 1925 998 2002 tegulas
1020 1924 1099 1982 illas.
1117 1921 1293 1981 -Titulus
1315 1922 1389 1980 baec

80 2025 124 2084 fere
143 2027 232 2086 babet
254 2047 332 2104 quae
353 2036 406 2085 aut
427 2027 567 2086 recedant
589 2047 608 2085 a
629 2027 725 2085 forma
744 2037 888 2086 consueta
910 2035 962 2084 aut
984 2035 1063 2086 certe
1085 2046 1144 2084 uon
1161 2024 1296 2102 vulgaria
1318 2023 1387 2082 sint.

83 2127 115 2184 tt
125 2131 195 2188 actis
211 2139 334 2188 senatus
356 2149 476 2190 munere
491 2130 642 2188 Maximus
666 2130 745 2206 quod
760 2129 880 2188 functus
895 2139 940 2187 est
954 2129 1143 2204 quaestorius
1166 2135 1235 2186 6616
1256 2127 1387 2185 tribuna-

81 2231 233 2308 templana
250 2233 391 2292 convenit
405 2233 548 2292 institutis
563 2231 670 2292 aetatis
684 2231 833 2290 Traianae
849 2241 879 2290 et
894 2231 1075 2301 Hadrianae,
1089 2231 1172 2290 cuius
1187 2248 1254 2290 esse
1270 2229 1387 2290 titulum

78 2343 143 2406 patet
163 2333 356 2410 (Stautsrecbt
377 2333 425 2406 2²,
450 2334 509 2392 864
532 2354 560 2392 n.
577 2335 623 2409 5).
647 2367 685 2376 -
713 2335 858 2393 Iuridicus
877 2353 933 2409 666
953 2345 1084 2409 praetore
1105 2337 1251 2410 utriusque
1272 2332 1387 2391 Panno·

76 2437 128 2492 aiae
147 2437 196 2512 qui
217 2455 297 2496 6666
318 2436 445 2514 primum
468 2437 592 2516 emergit
614 2437 709 2495 tribus
732 2435 901 2496 nominibus
920 2455 939 2494 a
953 2435 1042 2494 solita
1057 2435 1245 2494 ordinatione
1260 2435 1386 2494 recedit:

75 2538 289 2615 primumquod
311 2539 429 2614 utrique
451 2539 623 2616 provinciae
645 2547 781 2616 praeest;
805 2538 910 2597 deinde
933 2539 1014 2614 quod
1035 2547 1190 2616 praeterea
1210 2537 1387 2596 Pannoniae

76 2639 215 2700 iuridicum
240 2641 356 2699 nullum
382 2641 566 2713 babuerunt3
593 2641 719 2717 denique
741 2641 822 2717 quod
849 2641 966 2718 legatus
992 2639 1137 2698 iuridicus
1164 2640 1260 2698 adbuc
1286 2639 1386 2698 nullus

76 2741 196 2802 irrentus
221 2753 268 2802 est
293 2743 496 2821 propraetoris
522 2745 585 2802 iure
613 2755 731 2814 auctus,
759 2763 852 2820 neque
878 2743 937 2802 nisi
965 2751 1026 2802 toto
1053 2762 1149 2800 rerum
1173 2751 1251 2802 statu
1272 2735 1385 2800 mbtato

76 2861 103 2898 eo
126 2845 186 2904 inre
210 2845 313 2924 augeri
342 2846 451 2922 potuit,
478 2865 545 2904 cam
573 2847 628 2904 sub
655 2845 754 2923 legato
782 2846 953 2923 provinciae
981 2845 1158 2904 constitutus
1188 2845 1240 2914 sit,
1268 2843 1293 2902 is
1320 2843 1385 2922 ipse

76 2955 158 3003 autem
184 2967 248 3006 cum
275 2947 346 3006 item
375 2967 429 3024 pro
452 2955 589 3023 praetore
612 2949 664 3018 sit,
691 2957 912 3025 propraetorem
941 2949 999 3008 sibi
1028 2953 1180 3023 parentem
1204 2947 1312 3005 habere
1335 2965 1386 3005 ne·

76 3059 153 3121 queat
172 3049 365 3124 (Stautareclt
388 3047 422 3108 1²
447 3070 476 3127 p.
494 3050 551 3108 223
576 3070 603 3107 n.
622 3049 663 3124 5).
702 3050 764 3108 Eas
787 3067 890 3108 omnes
912 3048 1101 3108 difficultates
1126 3068 1184 3106 una
1205 3067 1299 3124 eaque
1321 3047 1386 3106 feli-

78 3150 183 3209 cissima
202 3153 374 3210 coniectura
389 3150 461 3210 Otto
477 3151 650 3210 Hirschfeld
666 3163 769 3211 noster
791 3152 903 3227 (Mittit.
922 3152 952 3209 in
971 3149 1054 3226 add.)
1078 3151 1248 3227 dissipavit,
1271 3151 1386 3209 scilicet

79 3250 223 3312 Maximum
244 3255 323 3312 bunc
343 3273 379 3312 eo
402 3254 503 3313 officio
524 3255 656 3314 functum
680 3273 746 3314 esse
769 3275 795 3312 a.
815 3253 915 3324 13611,
937 3273 997 3330 quo
1018 3235 1308 3314 haematinum
1330 3271 1384 3329 pro

78 3355 181 3414 6666616
196 3356 361 3414 Pannoniis
382 3365 518 3434 praeerat
538 3356 624 3432 (6.6.
641 3357 722 3416 4133
739 3365 858 3432 atquae
872 3356 914 3413 ibi
930 3355 1134 3432 adnotantur).
1170 3355 1248 3414 Nam
1269 3357 1307 3416 ab
1327 3357 1385 3414 1666

76 3467 199 3529 quattuor
227 3459 396 3535 legionibus
424 3460 596 3536 praeposito
629 3459 693 3518 viro
726 3459 893 3517 iurisdictio
926 3457 962 3516 ad
996 3457 1201 3534 magistratum
1234 3457 1385 3517 diversum

75 3560 178 3617 omnino
198 3561 297 3638 potuit
318 3561 471 3618 transferri
494 3571 524 3620 61
544 3561 643 3637 ipsum
663 3561 778 3620 scilicet
799 3561 829 3618 16
852 3569 977 3636 utraque
999 3560 1154 3637 provincia
1175 3579 1296 3619 munere
1318 3560 1391 3618 fun··

74 3667 189 3736 gentem3
215 3663 285 3722 item
309 3663 377 3720 buic
397 3663 580 3740 magistratui
603 3665 806 3740 propraetoris
828 3663 875 3722 ius
897 3674 977 3722 recte
998 3663 1063 3720 dari
1090 3663 1201 3738 potuit,
1228 3681 1295 3720 cum
1317 3679 1383 3737 pro·

73 3764 174 3821 6666611
193 3773 320 3841 pareret
362 3766 463 3823 Aetati
485 3784 603 3842 quoque
624 3766 764 3837 Maximi,
791 3765 910 3842 qualem
933 3782 1025 3842 supra
1046 3764 1248 3836 delinivimus,
1277 3782 1384 3823 munus

74 3863 123 3921 boc
140 3867 245 3943 optime
267 3868 413 3926 convenit.
437 3899 476 3910 -
499 3866 618 3926 Deinde
639 3867 790 3926 Maximus
816 3867 913 3926 factus
936 3877 984 3925 est
1004 3867 1120 3944 legatus
1144 3865 1317 3926 Pannoniae
1339 3867 1384 3924 16-

74 3965 174 4026 ferioris
195 3979 264 4028 ante
286 3988 375 4046 quam
392 3969 507 4042 consul,
529 3989 608 4044 nam,
631 3979 663 4028 ut
685 3969 771 4028 docui
789 3967 886 4027 0111
907 3989 936 4046 p.
950 3969 1020 4040 415,
1043 3969 1228 4044 aliquantum
1251 3976 1319 4045 post
1339 3969 1382 4026 di-

75 4067 154 4127 visam
172 4071 356 4148 procinctam
378 4071 512 4131 inferiori
534 4073 701 4149 praetorius
724 4072 840 4149 legatus
862 4070 991 4146 praefuit
1012 4089 1067 4129 nec
1085 4071 1252 4131 consularis
1275 4071 1316 4130 ibi
1338 4071 1383 4128 in-

75 4175 174 4231 venitur
187 4181 256 4232 ante
270 4174 414 4232 Marcum.
443 4173 532 4232 Illum
548 4192 614 4232 cum
630 4193 669 4232 ex
684 4175 740 4232 boc
755 4174 840 4232 titulo
856 4173 1002 4232 efficiatur
1017 4174 1167 4234 mansisse
1183 4183 1262 4233 certe
1278 4173 1382 4249 primis

74 4274 142 4332 annis
162 4275 307 4334 Antonini
330 4276 387 4348 Pii,
410 4295 469 4334 non
492 4277 556 4336 sinc
578 4275 785 4352 probabilitate
808 4295 873 4334 eam
896 4279 1088 4336 mutationem
1111 4277 1149 4335 ad
1171 4277 1281 4335 bellum
1302 4276 1382 4334 Mar-

73 4377 237 4436 comanicum
265 4377 444 4450 referemus,
473 4397 540 4437 cum
567 4378 740 4454 praesertim
770 4377 940 4455 provinciae
965 4379 1012 4436 oui
1033 4379 1121 4438 unica
1142 4379 1221 4456 legio
1246 4386 1383 4455 praeten-

73 4475 112 4534 dat
135 4479 301 4555 praetorius
328 4481 442 4558 legatus
468 4481 561 4540 multo
583 4481 679 4558 magis
701 4489 787 4556 aptus
810 4480 858 4538 sit.
880 4513 922 4523 -
945 4479 1136 4541 Canabenses
1157 4481 1294 4558 denique,
1316 4499 1382 4540 cum

72 4589 172 4639 constet
197 4579 502 4660 Stublweissenburgi
528 4583 625 4642 vicum
659 4583 753 4641 fuisse
786 4583 959 4641 attributum
988 4583 1125 4642 coloniae
1152 4583 1289 4661 Aquinco
1323 4603 1383 4642 non

71 4681 153 4739 solum
179 4684 340 4756 celebrem,
367 4684 418 4744 sed
444 4685 543 4762 ipsum
570 4685 712 4762 templum
740 4685 803 4744 6166
829 4685 1001 4762 provinciae
1027 4686 1181 4746 habentem
1209 4685 1254 4762 (v.
1280 4683 1313 4744 C.
1335 4685 1382 4744 ΙΙΙ

71 4799 93 4856 6.
107 4783 189 4860 tet),
212 4797 351 4862 poterunt
372 4787 505 4864 intellegi
526 4787 584 4864 ipsi
607 4788 830 4864 Aquincenses,
853 4787 966 4846 scilicet
987 4789 1067 4847 cives
1091 4788 1218 4848 Romani
1240 4787 1292 4862 qui
1313 4807 1382 4846 con·

72 4883 200 4946 sistebant
225 4888 263 4946 ad
291 4889 422 4948 canebas
449 4889 576 4967 legionis
597 4890 630 4948 ΙΙ
658 4889 827 4960 adiutricis3
860 4909 1040 4967 quamquam
1062 4891 1177 4963 obstat,
1207 4889 1286 4966 quod
1313 4899 1382 4948 ante

75 4995 177 5062 tempus
199 5009 258 5066 quo
279 4991 384 5049 titulus
406 4991 523 5068 positus
546 5001 591 5050 est
612 4992 820 5069 Aquincenses
842 4991 978 5051 coloniae
999 4993 1047 5052 ius
1069 4992 1263 5052 obtinuerunt
1283 4992 1384 5068 itaque

73 5091 118 5148 snb
136 5093 190 5151 Pio
212 5113 315 5170 parum
338 5101 405 5170 apte
424 5091 614 5152 Cenabenses
637 5095 834 5172 appellantur.
872 5093 961 5167 Quod
982 5095 1008 5152 si
1030 5115 1046 5153 e
1068 5095 1218 5154 contrario
1240 5094 1381 5171 ponimus

74 5209 166 5252 nomen
186 5195 407 5254 Cenabensium
436 5196 588 5272 proprium
615 5197 708 5256 fuisse
736 5197 870 5274 ipsorum
897 5196 1016 5256 illorum
1039 5197 1226 5269 sicanorum,
1254 5215 1380 5272 quorum

75 5297 209 5370 antiquum
231 5315 339 5356 nomen
362 5297 481 5356 aliunde
503 5297 642 5357 traditum
666 5317 725 5358 non
747 5299 900 5372 babemus,
923 5317 994 5358 sane
1017 5319 1035 5357 a
1055 5299 1162 5360 castris
1183 5297 1381 5376 Aquincensi·
