3394 5976
41 649 152 699 aru-sao
541 647 627 700 vor..
642 648 682 698 vr
700 645 809 700 rann.
824 649 849 698 1.
1287 627 1359 698 285

121 939 427 1002 MAGISTRATVS
451 940 629 1003 ORDINIS
652 939 886 1002 SENATORII
908 939 964 1000 AB
987 938 1188 1002 AVGVSTO
1212 939 1270 999 AD

522 1041 863 1104 DIOOLETIANVM.

37 1225 94 1286 818
124 1228 292 1307 fragmenta
319 1229 378 1289 duo
409 1247 577 1290 marmorea
602 1228 709 1290 litteris
735 1232 853 1308 magnis
881 1231 944 1289 alta
969 1249 1008 1290 m.
1029 1229 1102 1304 0,60
1130 1227 1219 1306 (059
1243 1226 1360 1304 vrso),

71 1349 172 1391 crassa
196 1351 236 1391 m.
256 1330 343 1404 005,
371 1332 461 1410 longa
487 1333 613 1392 alterum
641 1351 679 1393 m.
706 1333 789 1407 1‚45,
816 1333 942 1392 alterum
968 1330 1051 1406 1,25,
1079 1341 1198 1408 reperta
1224 1333 1255 1390 in
1276 1339 1361 1406 parte

71 1433 206 1492 inferiore
234 1434 324 1494 turris
351 1453 429 1512 quae
455 1442 560 1513 portae
582 1433 751 1494 Flaminiae
777 1435 834 1494 fuit
859 1436 898 1494 ab
923 1435 1052 1506 orientc3
1080 1445 1217 1494 servatur
1237 1431 1276 1492 ad
1297 1433 1361 1510 pla·

72 1545 146 1594 team
168 1535 283 1614 populi.

410 1565 448 1752 l·
464 1546 644 1760 ranunculi
659 1651 666 1666 ·
683 1637 719 1679 n·
735 1637 751 1680 r
768 1651 775 1666 ·
791 1635 851 1680 cos
868 1651 874 1666 ·
891 1638 983 1691 anaor

36 1803 158 1864 Contuli.
198 1805 322 1866 Fiorelli
344 1810 446 1866 notizia
464 1807 541 1866 1877
565 1827 594 1884 p.
611 1805 681 1878 270,
704 1807 857 1885 descripta
878 1827 897 1866 a
917 1806 1099 1879 Lanciaui03
1123 1805 1157 1866 Ο.
1173 1805 1209 1866 L.
1224 1807 1361 1868 visconti

34 1907 94 1964 aaa
116 1909 196 1966 arca.
219 1928 288 1968 cona.
315 1907 393 1968 1877
416 1927 445 1985 p.
462 1907 534 1981 247,
557 1909 617 1968 tab.
634 1909 706 1968 XX.
722 1909 811 1981 XXI,
827 1910 855 1968 3.
872 1910 901 1967 4.

70 2009 105 2067 L.
129 2013 308 2086 Asprenotac
329 2011 426 2070 fasces
448 2019 606 2088 gesserunt
627 2021 714 2086 pater
735 2029 762 2069 a.
780 2011 812 2082 6,
834 2011 913 2070 lilius
937 2031 963 2070 a.
981 2011 1030 2071 29.
1076 2011 1222 2086 [Nomina
1242 2031 1309 2070 cum
1330 2013 1361 2070 iu

35 2113 120 2170 titulis
147 2114 239 2172 huius
266 2113 384 2190 generis
412 2131 471 2172 non
500 2113 686 2183 omittantur,
715 2115 901 2190 Asprenates
929 2115 1032 2172 nescio
1061 2115 1211 2190 quomodo
1240 2115 1277 2173 ab
1305 2114 1362 2172 hac

35 2213 93 2290 lege
119 2215 193 2273 alibi
225 2232 344 2291 quoque
371 2225 570 2275 recesserunt.
620 2215 668 2273 Ita
695 2215 725 2273 in
754 2215 892 2274 miliariis
918 2216 1071 2274 Africanis
1101 2215 1242 2290 (alterum
1269 2215 1364 2276 edidit

37 2312 182 2374 Grcnville
205 2316 331 2392 Temple
359 2321 521 2376 excursione
547 2321 578 2376 in
604 2318 648 2376 tle
669 2318 904 2377 Mediterraneum
926 2316 944 2374 2
970 2337 1000 2394 p.
1017 2317 1087 2390 321,
1116 2319 1241 2377 alterum
1269 2336 1365 2395 nuper

37 2415 171 2476 dederunt
190 2415 330 2478 Gallicae
352 2419 496 2496 quaedam
520 2419 741 2496 ephemerides)
764 2419 923 2496 proconsul
940 2419 1062 2478 Africae
1084 2439 1110 2478 a.
1128 2440 1157 2496 p.
1174 2419 1208 2480 C.
1228 2421 1265 2478 14
1287 2419 1362 2496 (Ta-

36 2517 102 2578 citus
117 2539 186 2578 aun.
206 2520 314 2596 1‚52)‚
337 2521 364 2578 is
386 2522 452 2598 ipsc
473 2522 523 2598 qni
545 2521 649 2580 consul
671 2521 727 2580 suit
749 2541 775 2580 a.
789 2541 819 2598 p.
835 2519 871 2580 C.
889 2520 917 2592 6,
941 2521 1112 2598 appellatur
1129 2521 1167 2578 L.
1185 2521 1362 2598 Aaprea[oa]

36 2662 59 2677 ..
76 2639 189 2697 procot.
214 2621 349 2698 [VIIos'r]
372 2621 562 2700 epuloa[um]‚
585 2641 765 2700 quamquam
788 2623 860 2681 alibi
883 2623 993 2682 dicitnr
1013 2623 1052 2681 L.
1075 2623 1189 2682 Nonius
1211 2623 1363 2700 Asprenas

36 2723 127 2794 (huius
149 2723 208 2783 vol.
232 2744 262 2782 n.
279 2722 359 2784 2156
383 2737 413 2783 et
434 2724 558 2784 Heuzen
580 2746 610 2784 n.
626 2725 732 2800 7130).
777 2723 824 2783 cf.
846 2725 916 2782 item
940 2725 1029 2784 huius
1050 2725 1106 2782 vol.
1130 2725 1268 2784 n.1371:
1295 2723 1362 2784 Col-

33 2831 145 2898 purru'oe
158 2825 343 2902 Asprenatis,
358 2825 396 2886 L.
412 2827 528 2886 Pitonia
544 2826 608 2903 [J.],
623 2830 710 2884 aratri
723 2825 761 2883 L.
777 2826 857 2884 Noni
871 2825 1047 2903 Asprenatis
1062 2837 1088 2885 ot
1102 2827 1276 2903 Asprenatis
1294 2826 1362 2886 cat-

33 2933 113 3000 purm'
133 2927 284 3004 Ser[r]ani
305 2939 330 2986 et
349 2929 520 3004 Asprenatis
543 2927 686 3006 Calpurni
709 2929 855 3004 Torquati,
878 2939 907 2988 et
929 2929 1071 2995 n‚1370:
1096 2929 1267 3006 Aspreoaao
1292 2927 1362 2987 Col·

34 3033 147 3102 pamiae
174 3030 336 3107 Torquatus
352 3035 436 3108 patri
458 3049 518 3090 cao.
556 3030 616 3090 Tu.
633 3030 688 3106 lt]

37 3233 92 3294 810
122 3239 323 3315 fragmentum
350 3241 483 3317 epistylii
511 3243 669 3300 marmorei
699 3242 807 3302 saeculi
838 3242 899 3300 lere
928 3241 1022 3314 tertii,
1055 3241 1086 3299 in
1113 3259 1172 3318 quo
1200 3249 1363 3319 supersunt

72 3340 225 3418 relliquiae
247 3342 451 3419 inscriptionis
474 3343 664 3420 antiquioris,
687 3353 837 3421 repertum
860 3345 891 3402 iu
913 3343 1082 3419 Esquilino.

516 3545 873 3591 ....crt·c1NNA....

39 3709 171 3773 Lanciani
195 3714 264 3774 dull.
287 3715 366 3775 orci.
389 3733 457 3775 corn.
485 3717 564 3776 1877
587 3737 615 3795 p.
636 3720 682 3778 15.

75 3815 174 3877 Potest
196 3835 265 3877 esse
287 3835 350 3877 cos.
373 3837 400 3877 a.
416 3819 435 3877 5
450 3839 480 3897 p.
496 3817 532 3878 0.

42 4018 104 4082 810
130 4027 169 4086 ad
193 4046 223 4086 n.
241 4025 331 4086 3879.
374 4027 558 4106 Fragmenta
580 4029 699 4087 tabulae
722 4043 906 4085 marmoreae
927 4025 1033 4084 litteris
1056 4025 1144 4084 bouis
1168 4025 1279 4084 saeculi
1301 4025 1364 4084 fere

77 4127 206 4200 secundi,
234 4136 353 4206 reperta
378 4129 409 4189 in
437 4131 487 4188 via
513 4139 618 4209 portae
643 4127 674 4190 S.
697 4127 852 4187 Laurentii
879 4127 918 4186 ad
940 4127 1060 4204 cippum
1084 4127 1209 4186 alteram
1232 4127 1363 4186 Marciae

76 4227 165 4290 Iuliae
187 4230 325 4310 Tepulae
346 4229 463 4304 Lartem
486 4251 564 4292 nuuc
586 4241 743 4292 servantur
764 4231 795 4290 iu
818 4229 964 4288 tabulario
987 4229 1016 4286 iu
1039 4229 1191 4306 repositis.

46 5091 201 5176 Descripsit
223 5097 368 5172 Schmidt,
390 5099 502 5158 contuli
525 5107 674 5175 ectypum.
715 5095 861 5156 Lanciani
883 5095 952 5154 hott.
975 5095 1056 5154 orci.
1079 5093 1246 5154 comitii?
1269 5112 1298 5170 p.
1318 5093 1366 5152 15.

48 5191 89 5254 20.
128 5200 342 5278 Fragmentum
364 5200 492 5260 alterum
515 5199 651 5260 dedimus
673 5218 703 5258 n.
720 5197 810 5259 3829.

83 5301 178 5362 icus.
202 5303 271 5364 suff.
294 5303 364 5362 anni
388 5303 500 5364 incerti.

117 5403 157 5464 lV
1097 5401 1136 5459 20
