3448 5970
80 583 173 632 490495
517 581 711 634 PANNONIA
739 580 928 634 SVPERIOR.

79 753 133 812 490
153 755 182 811 in
207 751 303 830 syrke
326 772 404 830 pago
428 773 519 831 prope
543 753 708 816 Savariam.

596 997 648 1038 lm?
665 1011 672 1024 ·
689 995 795 1040 CAESAR
810 1011 817 1024 ·
831 997 857 1040 Ti

687 1099 750 1142 AVG

653 1201 775 1244 SACRVM

78 1341 219 1400 ierantius
241 1359 296 1400 ms.

105 1443 287 1520 corrigerem
310 1458 436 1502 causarer
459 1462 513 1521 pro
536 1459 716 1516 carsanvn,
740 1445 797 1502 nisi
822 1445 897 1504 mire
918 1445 1069 1503 accideret
1090 1446 1149 1504 iam
1172 1447 1226 1506 sub
1249 1449 1388 1522 Augusto

77 1549 168 1622 positus
191 1549 225 1605 in
245 1547 293 1606 his
315 1547 451 1624 partibus
475 1547 580 1604 titulus
603 1547 790 1606 honorarius.

78 1795 190 1858 rufin
213 1800 370 1876 Hungaria
396 1799 425 1858 in
453 1816 531 1876 pago
561 1798 677 1858 Penzen
704 1819 789 1858 muro
817 1799 921 1876 templi
944 1800 1067 1860 insitum
1089 1820 1127 1859 ex
1151 1799 1294 1860 Sabariae
1315 1803 1388 1860 urbe

106 1903 260 1976 advectum,
284 1922 363 1980 quae
384 1909 432 1960 est
452 1901 484 1960 in
499 1903 566 1978 ripa
581 1901 732 1980 Giuugiea
754 1901 901 1978 indigenis
917 1903 1091 1961 Zombolbiz
1107 1903 1195 1976 dicta,
1218 1925 1276 1964 nun
1299 1905 1387 1982 longe

108 2026 120 2062 a
137 2004 267 2063 Norinae
289 2005 442 2064 montibus
465 2005 495 2063 in
519 2021 605 2064 saera
626 2023 678 2081 prz
692 2047 698 2062 .
712 2049 719 2064 .
733 2047 740 2062 .
755 1999 774 2062 .’

669 2209 700 2250 r·
713 2207 775 2250 ΑΝτ

80 2359 216 2419 baruntius
237 2378 294 2418 ma.

78 2569 135 2627 492
154 2568 295 2630 Savariae
317 2590 390 2646 rep,
413 2570 512 2627 estin
534 2588 649 2628 museo.

578 2771 702 2816 nonan
734 2773 866 2815 raemoriae

78 2939 141 3018 Lipp
159 2945 237 3002 misit
257 2951 288 3001 ei
309 2943 355 3001 ed.
378 2945 409 3001 in
431 2942 530 3002 annai.
546 2961 620 3002 com.
636 2943 813 3020 Eisenburg.
830 2943 848 3002 6
871 2963 900 3020 p.
918 2944 966 3003 67.

218 3317 299 3376 Inter
321 3315 476 3378 Savariam
500 3327 530 3376 et
551 3315 756 3392 Scarbantiam
780 3317 822 3392 (p.
840 3317 909 3376 532.
932 3317 1010 3394 Eph.
1026 3317 1059 3376 11
1081 3337 1109 3394 p.
1128 3316 1213 3394 421).

81 3497 134 3558 499
152 3503 186 3561 ad
205 3524 234 3562 n.
250 3503 341 3564 4225.
380 3503 543 3564 Verantinn
565 3504 584 3562 9
607 3504 794 3577 servarim,
818 3506 835 3563 3
858 3520 936 3576 Μ,
960 3504 978 3562 6
1001 3519 1071 3563 xnu.

939 3709 1378 3719 --—--.—-—-——

348 3903 617 3967 scannnnrrn
641 3905 684 3984 (p.
702 3906 773 3966 533.
803 3905 881 3984 npn.
899 3905 930 3964 11
953 3925 980 3982 p.
999 3905 1083 3982 421).

79 4085 134 4148 494
156 4091 190 4148 ad
210 4091 345 4152 arari.
382 4093 544 4153 Verantius
572 4095 628 4152 ain:
660 4089 816 4170 ‘Sopronii
845 4101 932 4152 extra
959 4093 1060 4152 urbem
1090 4091 1120 4148 in
1150 4089 1274 4149 editiore
1303 4091 1380 4149 nolle

109 4189 237 4254 Viennam
260 4205 412 4274 spectante
438 4215 530 4274 supra
552 4197 728 4256 suburbium
755 4191 931 4256 inventum'
975 4194 1123 4254 Convenit
1144 4213 1210 4252 cum
1233 4194 1294 4267 ed.‚
1322 4194 1380 4252 nisi

110 4295 176 4367 quod
195 4299 224 4356 in
246 4299 311 4357 cod.
334 4307 381 4357 est
401 4307 482 4357 rente
504 4300 799 4376 {ararim-raum.

79 4537 132 4600 495
151 4546 185 4604 ad
205 4569 233 4608 n.
248 4548 340 4610 4260.
376 4547 539 4608 Verantius
562 4551 671 4610 ibidem
694 4549 766 4627 legit
787 4549 838 4608 ubi
860 4569 888 4608 n.
906 4545 987 4606 4247
1003 4557 1033 4606 et
1054 4547 1098 4606 nie
1119 4547 1243 4606 exhibet
1263 4553 1356 4605 rente:

564 4777 696 4818 rviam!
720 4791 727 4804 ·
751 4777 796 4818 L·
821 4775 866 4818 00

564 4882 584 4921 N
608 4881 706 4921 ΑΤΑ
728 4893 735 4906 ·
757 4882 776 4920 Α
800 4881 820 4920 Ν
844 4880 866 4919 Ν

562 4980 867 5023 xxv-rr·s·E·Tr

564 5081 868 5125 ibib-PRIMUS

508 5190 519 5227 ⁵
563 5184 800 5227 LuaEnTaE·
821 5183 867 5224 ΕΤ

564 5287 703 5329 NVTRIC!
719 5299 725 5312 ·
743 5283 868 5328 POSV¹T
