3532 5964
382 1732 815 1850 HEMEROLOGII
852 1735 1155 1849 ALLIFANI

465 1933 807 2012 FRAGMENTVM
835 1935 1065 2013 ruurrvu.

526 2125 596 2186 (Vol.
611 2127 625 2176 1
644 2142 669 2192 p.
684 2127 751 2191 199;
771 2127 838 2194 Eph.
852 2127 894 2180 111
912 2144 938 2194 p.
954 2129 1008 2190 tt.)

93 2311 184 2458 Post
197 2405 354 2476 repertum
369 2398 569 2476 fragmentum
587 2399 781 2477 hemerologii
797 2401 922 2460 Allilani
943 2401 1008 2460 dies
1023 2402 1179 2462 continens
1196 2403 1273 2479 Aug.
1291 2403 1325 2462 11
1337 2437 1372 2447 -
1384 2405 1431 2478 19,

93 2501 169 2578 quod
197 2501 351 2559 edidimus
378 2500 466 2558 buius
488 2501 555 2577 eph.
578 2501 698 2560 v01.111
721 2522 747 2578 p.
766 2501 815 2574 85,
845 2503 1066 2578 adiungendum
1095 2505 1173 2582 parti
1202 2505 1313 2564 dudum
1343 2517 1432 2565 notae

92 2605 189 2661 editae
212 2605 246 2660 in
271 2602 407 2678 corporis
430 2601 519 2660 voli
541 2623 569 2679 p.
587 2600 659 2674 299,
688 2622 760 2662 mox
782 2604 842 2662 alla
868 2605 1017 2682 particula
1045 2606 1156 2682 prodiit
1178 2606 1292 2666 dierum
1316 2607 1429 2683 Aug.9

94 2706 170 2762 -ll
198 2706 305 2779 itaque
326 2708 504 2762 continuans
526 2703 558 2760 id
580 2706 660 2780 quod
683 2725 776 2784 nuper
791 2707 949 2766 edidimus.
983 2705 1053 2764 Vidi
1076 2707 1140 2782 lpse
1162 2715 1192 2766 et
1210 2707 1357 2784 descripsi
1372 2706 1429 2766 Ca·

4 2791 5 2812 ¹
93 2825 167 2881 puae
190 2807 221 2864 in
249 2823 353 2863 museo
376 2807 510 2881 publico,
539 2805 591 2864 ubi
617 2805 705 2864 bodie
728 2807 786 2866 duo
809 2827 904 2886 nuper
926 2787 1043 2885 reperta
1064 2808 1277 2882 adservantur,
1305 2829 1371 2868 cum
1399 2809 1432 2868 id

93 2908 173 2982 quod
199 2907 320 2984 pridem
348 2907 535 2966 eruderatum
564 2916 611 2966 est
638 2919 754 2985 prostat
776 2909 906 2988 Neapoli
929 2911 959 2969 in
982 2929 1087 2970 museo
1110 2912 1243 2988 publico;
1273 2912 1330 2970 hoc
1352 2911 1430 2970 enim

94 3009 260 3067 voluerunt
287 3007 351 3066 sive
378 3008 506 3068 latorum
531 3009 675 3086 iniquitas
703 3013 768 3070 sive
794 3030 884 3070 caeca
909 3012 1063 3071 hominum
1093 3012 1208 3084 studia,
1238 3022 1272 3071 ut
1297 3013 1431 3072 eiusdem

93 3111 243 3186 praeclari
267 3112 449 3169 monumenti
475 3112 592 3170 lacerae
619 3112 763 3189 reliquiae
789 3113 944 3190 expositae
966 3116 1027 3172 sint
1052 3115 1082 3172 in
1105 3115 1220 3174 duobus
1242 3115 1356 3174 museis
1378 3134 1432 3193 pu·

4 3221 6 3244 *
94 3214 180 3270 blicis
203 3213 354 3271 ambobus
376 3221 405 3272 et
426 3214 572 3272 ambobus
595 3213 690 3271 Italis.
725 3215 841 3273 Prodilt
861 3215 891 3273 in
914 3217 988 3274 actis
1011 3217 1164 3276 societatis
1180 3214 1353 3294 Campanae
1374 3214 1430 3277 Ca-

4 3339 5 3408 ]
96 3315 225 3374 aertania
249 3333 275 3373 a.
295 3314 374 3374 1816
397 3333 426 3391 p.
442 3314 480 3374 68
505 3333 568 3391 seq.
612 3314 696 3375 Haec
717 3323 816 3376 autem
838 3325 908 3375 sunt
930 3336 1008 3395 quac
1029 3319 1060 3378 in
1081 3337 1117 3378 eo
1138 3318 1287 3398 leguntur.

729 3556 947 3618 soar-muron
988 3577 1040 3618 eous
1063 3576 1172 3628 quase

782 3676 875 3732 Qloo
898 3677 929 3718 a·
960 3677 996 3719 lctt
1017 3687 1035 3719 c.
1055 3688 1132 3720 carm
1149 3679 1220 3730 plara

180 4341 269 4400 Haec
284 4339 430 4416 particula
443 4349 477 4398 ut
491 4339 609 4416 exigua,
624 4341 667 4399 ita
681 4357 871 4418 nequaquam
887 4339 1001 4398 inutilis
1017 4349 1072 4397 est.
1102 4339 1236 4400 Primum
1252 4343 1432 4402 sacrificium

97 4445 253 4520 publicum
278 4439 342 4500 Soli
364 4442 487 4517 indigeti
510 4443 643 4501 oblatum
671 4444 701 4502 in
724 4442 799 4502 colle
822 4439 972 4516 Quirinali
994 4460 1062 4500 cum
1085 4442 1181 4502 adhuc
1204 4443 1367 4504 dubitatum
1393 4446 1434 4504 sit

98 4555 197 4604 utrum
223 4543 409 4602 referendum
432 4545 472 4602 sit
487 4544 524 4602 ad
539 4543 616 4602 diem
634 4545 712 4624 Aug.
728 4544 746 4604 8
770 4563 836 4603 curn
851 4543 1197 4620 hemerologiovallensi
1214 4563 1252 4604 an
1268 4545 1305 4604 ad
1321 4545 1432 4624 Aug.9

97 4665 163 4705 cum
189 4645 392 4718 Amiternino,
423 4645 481 4703 iam
509 4646 579 4704 huic
607 4647 753 4706 calculum
782 4645 873 4704 adicit
903 4645 1003 4704 tabula
1029 4645 1175 4706 Allifaua.
1218 4646 1342 4707 Maioris
1368 4666 1432 4706 mu-

4 4763 5 4766 ’
96 4749 190 4806 menti
217 4757 278 4820 est,
307 4747 386 4824 quod
413 4747 482 4805 hinc
507 4747 650 4806 discimus
677 4747 834 4824 pristinam
863 4757 962 4806 notam
991 4747 1048 4806 diei
1076 4747 1204 4828 Aug.9,
1230 4765 1306 4824 quae
1335 4747 1432 4806 adhuc

4 4901 6 4908 ,
95 4849 303 4926 ignorabatur,
326 4849 419 4908 luisse
439 4865 468 4920 ες
491 4867 560 4906 nam
576 4867 643 4907 cum
659 4849 778 4908 tabulae
800 4848 944 4924 reliquae,
966 4849 1121 4925 inquibus
1143 4851 1170 4907 is
1186 4849 1250 4908 dies
1273 4848 1431 4920 invenitur,

4 4959 5 5012 l
95 4951 264 5010 Maffeiana
290 4949 441 5009 Vallensis
469 4951 656 5010 Amiternina
682 4951 838 5010 Antiatiaa
862 4959 961 5009 notam
986 4951 1116 5010 habeant
1137 4966 1181 5022 te,
1209 4951 1264 5009 has
1286 4949 1378 5009 ferias
1402 4960 1433 5008 ut

4 5057 5 5078 ¹
97 5053 267 5129 apparebat
280 5051 428 5128 proficisci
444 5070 482 5110 ex
497 5052 624 5111 victoria
638 5051 816 5111 Pharsalica
837 5071 864 5112 a.
882 5052 951 5124 706,
974 5053 1017 5112 ita
1038 5053 1121 5112 euius
1142 5051 1262 5131 generis
1277 5050 1340 5110 dies
1364 5060 1432 5110 ante

4 5139 5 5212 1
95 5153 207 5212 luisset
228 5152 448 5231 ignorabamus.
485 5153 535 5212 Ex
550 5153 705 5214 duodecim
727 5153 820 5232 igitur
840 5154 955 5228 diebus,
979 5173 1106 5232 quorum
1127 5151 1344 5232 eclipses
1368 5153 1433 5214 dixi

182 5251 230 5312 IV
1211 5255 1225 5312 1
