3428 5970
391 1789 474 1900 llll
511 1785 772 1899 ATlLlllll
810 1785 1206 1898 POMPTILLrlll
1244 1782 1623 1899 MONVllllNTll

815 1957 1210 2072 CALARITANO

1697 1949 1698 2000 l

933 2167 1095 2220 SCRIPSIT

1697 2545 1698 2576 t

1697 2669 1698 2712 l

645 2389 648 2398 ,
746 2311 1063 2393 VINGENTIVS
1094 2310 1286 2393 CRESPI.

941 2567 1092 2574 -....-———-

350 2679 410 2838 In
433 2798 540 2856 magno
563 2779 818 2838 nobilissimorum
842 2789 1098 2838 monumentorum
1121 2799 1256 2851 numero,
1283 2799 1359 2856 quae
1382 2799 1422 2838 ex
1445 2790 1541 2839 vetere
1562 2777 1653 2854 imperii
1697 2771 1698 2854 l

352 2883 481 2942 Romani
511 2883 733 2959 magnificentia
762 2881 866 2940 relicta
896 2901 949 2940 nec
978 2901 1138 2958 perversae
1167 2883 1320 2959 religionis
1349 2883 1433 2940 furor
1462 2902 1516 2942 nec
1544 2885 1654 2940 fortunae

352 3003 440 3044 casus
463 3003 558 3061 neque
580 2985 691 3061 impiae
712 2985 916 3061 imperitorum
940 3003 1045 3042 manus
1067 2986 1110 3042 ita
1132 2985 1231 3042 delere
1252 2995 1430 3060 potuerunt,
1456 2986 1566 3043 nullum
1586 2983 1653 3040 vesti·

352 3087 433 3163 giam
464 3095 497 3143 ut
525 3095 707 3163 superesset,
738 3105 796 3143 non
828 3087 960 3145 ultimum
992 3105 1065 3145 sane
1093 3087 1191 3144 locum
1220 3087 1333 3144 obtinet
1360 3087 1474 3146 Atiliae
1503 3085 1654 3162 Pomptillae
1697 3143 1698 3182 1

354 3189 520 3265 sepulcrum
548 3189 627 3263 quod
654 3207 746 3264 prope
772 3187 905 3247 Calarim
928 3185 1084 3246 Sardiniae
1112 3190 1214 3247 urbem
1241 3198 1393 3247 serratum
1421 3209 1476 3266 per
1501 3188 1595 3266 populi
1617 3205 1653 3242 cra
1697 3219 1698 3270 p

290 3359 292 3364 y
352 3309 430 3349 nunc
456 3287 580 3348 'antrum
610 3286 784 3366 viperarum'
812 3291 860 3365 (la
879 3301 974 3366 protea
996 3290 1068 3350 delle
1089 3292 1196 3366 vipera)
1226 3300 1358 3350 vocatur.
1403 3293 1451 3350 Ad
1479 3292 1555 3350 viam
1579 3291 1654 3356 situm,

354 3411 431 3468 quae
453 3411 507 3467 per
528 3392 624 3450 vicum
647 3393 698 3469 qui
721 3391 752 3452 S.
773 3393 948 3450 Avendrace
970 3411 1049 3450 nunc
1071 3393 1240 3470 appellatur
1262 3393 1356 3466 ducit,
1384 3411 1423 3450 ex
1445 3394 1514 3450 riva
1535 3411 1600 3469 rupe
1617 3409 1654 3448 er·

353 3497 446 3554 cisum
470 3513 535 3553 cum
558 3495 624 3552 aliis
647 3495 745 3553 multis
768 3495 894 3552 cameris
918 3495 1148 3571 sepulcralibus‚
1171 3495 1200 3553 in
1223 3495 1324 3572 templi
1347 3495 1418 3553 olim
1440 3496 1566 3571 speciem
1585 3494 1652 3551 labri·
1697 3509 1698 3548 t

355 3608 452 3656 catum
475 3605 670 3674 ornatumque
693 3615 872 3675 quamquam
894 3597 1021 3672 pristino
1043 3597 1102 3655 iam
1124 3606 1205 3654 caret
1227 3607 1333 3656 ornatu
1352 3597 1503 3674 cultuque,
1525 3595 1653 3674 tamenin·

354 3701 531 3775 scriptiones
554 3709 583 3758 et
602 3697 717 3758 Graece
740 3708 769 3756 et
785 3698 893 3757 Latine
914 3699 1077 3775 parietibus
1100 3699 1267 3776 insculptae
1289 3699 1452 3758 effecerunt
1474 3711 1507 3758 ut
1528 3719 1588 3758 cum
1606 3695 1654 3753 inde
1697 3735 1698 3780 i

355 3804 393 3860 ab
416 3801 553 3878 proximo
577 3801 695 3860 saeculo
717 3801 853 3860 homines
877 3801 1062 3875 antiquitatis
1085 3801 1213 3860 studiosi
1228 3801 1345 3859 animos
1360 3821 1396 3860 eo
1412 3803 1599 3862 attendissent
1611 3816 1653 3854 cre

354 3904 484 3962 berrima
509 3903 590 3962 fama
616 3904 653 3962 ad
679 3904 756 3960 hunc
784 3921 879 3978 usquc
901 3903 978 3962 diem
1002 3903 1181 3962 celebratum
1204 3903 1251 3961 sit.
1296 3903 1363 3981 Ego
1387 3921 1472 3975 vero,
1500 3905 1545 3962 cui
1566 3915 1652 3960 summo
1697 3883 1698 3894 l

356 4025 421 4064 cum
448 4007 603 4064 commodo
630 4015 719 4082 atque
745 4007 805 4062 otio
833 4005 960 4082 sepulcri
988 4013 1017 4062 et
1038 4006 1125 4063 eitum
1148 4015 1177 4062 et
1198 4013 1335 4063 naturam
1358 4007 1530 4064 examinare
1550 4005 1653 4063 licuisset

357 4127 411 4166 nec
439 4107 512 4166 nihil
538 4109 610 4165 mihi
633 4107 793 4184 proiecisse
817 4109 933 4166 viderer
955 4126 1021 4164 cum
1044 4107 1287 4182 inscriptionibus
1309 4107 1358 4165 vel
1380 4108 1466 4166 novis
1489 4107 1603 4184 repertis
1619 4100 1652 4158 rel

356 4228 432 4287 quae
462 4219 547 4267 erant
576 4221 709 4286 repertae
742 4209 838 4268 denuo
868 4209 969 4280 lectis,
1002 4217 1063 4266 tum
1095 4209 1247 4267 aediculae
1276 4209 1411 4286 reliquiis
1441 4211 1597 4268 accuratius
1619 4205 1653 4260 de·

356 4313 490 4390 scriptis,
518 4330 626 4388 operae
653 4313 780 4389 pretium
808 4312 881 4368 duxi
909 4331 955 4368 me
980 4311 1126 4388 facturum
1156 4312 1182 4370 si
1210 4311 1391 4388 Pomptillae
1421 4312 1573 4371 deiunctae
1596 4308 1652 4384 piam

356 4415 412 4472 hoc
434 4415 500 4472 lcco
522 4415 694 4473 memoriam
716 4415 888 4472 recolerem.

439 4516 476 4573 In
502 4516 598 4574 fronte
623 4517 714 4593 igitur
741 4516 894 4575 aediculae
920 4515 1034 4592 duael)
1063 4525 1148 4575 erant
1169 4517 1339 4588 columnae,
1366 4536 1493 4592 quarum
1516 4515 1651 4589 cumipse
1697 4593 1698 4598 ἵ

357 4619 499 4694 perierint
525 4620 724 4694 capitulorum
751 4621 918 4695 fragmenta
946 4627 1090 4694 superant
1111 4619 1223 4676 formae
1246 4619 1415 4689 Romanam
1443 4621 1585 4695 utrimque
1602 4629 1651 4670 rem

357 4721 452 4778 adhuc
480 4729 585 4778 extant
611 4721 746 4798 singulae
777 4730 961 4796 parastatae,
994 4721 1103 4796 quibus
1132 4721 1300 4797 epistylium
1330 4721 1466 4780 innititur
1493 4721 1611 4796 zophoro
1631 4719 1652 4766 ul
1697 4709 1698 4752 Ὗ

355 4823 399 4880 ita
425 4821 520 4880 dicam
548 4833 680 4896 auctum,
708 4821 759 4899 qui
786 4823 914 4898 undique
940 4841 994 4880 ora
1019 4824 1131 4881 cinctus
1153 4823 1278 4898 guttulis
1301 4822 1442 4882 distincta
1463 4824 1573 4882 medius
1592 4833 1651 4876 orna·
1697 4887 1698 4900 1

434 5113 458 5174 ¹)
486 5115 612 5176 Quattuor
635 5114 713 5163 fuisse
732 5115 899 5164 Lamarmora
923 5115 1001 5177 dixit3
1026 5115 1072 5164 sed
1096 5129 1147 5164 non
1173 5115 1282 5178 amplius
1308 5114 1407 5164 duabus
1431 5115 1516 5165 locum
1536 5130 1586 5164 esse
1601 5105 1647 5158 tacis

360 5207 475 5255 oculatus
501 5207 618 5256 adfirmo.
655 5207 848 5256 Paraetatarum
871 5214 896 5256 et
921 5207 1098 5256 columnarum
1123 5207 1234 5272 capitula
1258 5209 1323 5256 inter
1347 5222 1375 5255 se
1401 5207 1543 5258 confudisse
1568 5205 1648 5254 ridear:

357 5305 501 5363 parastatae
521 5300 589 5348 enim
609 5300 684 5350 unius
704 5299 843 5363 capitulum
863 5300 940 5349 etiam
959 5315 1028 5350 nuno
1046 5307 1160 5364 superest
1180 5299 1299 5365 epistylio
1319 5299 1435 5348 altinum.
