<?xml version="1.0" encoding="UTF-8"?>
<!DOCTYPE html PUBLIC "-//W3C//DTD XHTML 1.0 Transitional//EN"
    "http://www.w3.org/TR/xhtml1/DTD/xhtml1-transitional.dtd">
<html xmlns="http://www.w3.org/1999/xhtml" xml:lang="en" lang="en">
 <head>
  <title>
</title>
<meta http-equiv="Content-Type" content="text/html;charset=utf-8" />
  <meta name='ocr-system' content='tesseract 3.04.00' />
  <meta name='ocr-capabilities' content='ocr_page ocr_carea ocr_par ocr_line ocrx_word'/>
</head>
<body>
  <div class='ocr_page' id='page_1' title='image "./ephemerisepigra10instgoog_0338.png"; bbox 0 0 3390 5970; ppageno 0'>
   <div class='ocr_carea' id='block_1_1' title="bbox 79 617 1391 692">
    <p class='ocr_par' dir='ltr' id='par_1_1' title="bbox 79 617 1391 692">
     <span class='ocr_line' id='line_1_1' title="bbox 79 617 1391 692; baseline -0.003 0"><span class='ocrx_word' id='word_1_1' title='bbox 79 643 121 692; x_wconf 81' lang='lat' dir='ltr'>ses</span> <span class='ocrx_word' id='word_1_2' title='bbox 575 637 880 690; x_wconf 69' lang='lat' dir='ltr'>vennenses</span> <span class='ocrx_word' id='word_1_3' title='bbox 1320 617 1391 688; x_wconf 84' lang='grc'>327</span> 
     </span>
    </p>
   </div>
   <div class='ocr_carea' id='block_1_2' title="bbox 76 809 1399 2119">
    <p class='ocr_par' dir='ltr' id='par_1_2' title="bbox 76 809 1399 2119">
     <span class='ocr_line' id='line_1_2' title="bbox 76 809 1396 888; baseline 0 -16"><span class='ocrx_word' id='word_1_4' title='bbox 76 811 137 872; x_wconf 77' lang='grc'><strong>895</strong></span> <span class='ocrx_word' id='word_1_5' title='bbox 161 811 286 872; x_wconf 83' lang='lat' dir='ltr'>loannes</span> <span class='ocrx_word' id='word_1_6' title='bbox 309 809 445 873; x_wconf 83' lang='lat' dir='ltr'><strong>Schmidt</strong></span> <span class='ocrx_word' id='word_1_7' title='bbox 471 812 576 888; x_wconf 88' lang='lat' dir='ltr'>primis</span> <span class='ocrx_word' id='word_1_8' title='bbox 603 813 758 872; x_wconf 88' lang='lat' dir='ltr'>mensibus</span> <span class='ocrx_word' id='word_1_9' title='bbox 784 831 811 871; x_wconf 86' lang='lat' dir='ltr'>a.</span> <span class='ocrx_word' id='word_1_10' title='bbox 831 811 909 870; x_wconf 82' lang='lat'>1879</span> <span class='ocrx_word' id='word_1_11' title='bbox 933 821 1035 871; x_wconf 88' lang='lat' dir='ltr'>nostra</span> <span class='ocrx_word' id='word_1_12' title='bbox 1055 829 1149 870; x_wconf 90' lang='lat' dir='ltr'>cansa</span> <span class='ocrx_word' id='word_1_13' title='bbox 1170 812 1396 888; x_wconf 87' lang='lat' dir='ltr'>diligentissime</span> 
     </span>
     <span class='ocr_line' id='line_1_3' title="bbox 111 911 1394 991; baseline 0 -17"><span class='ocrx_word' id='word_1_14' title='bbox 111 915 220 986; x_wconf 81' lang='lat' dir='ltr'>titulos,</span> <span class='ocrx_word' id='word_1_15' title='bbox 247 915 298 991; x_wconf 91' lang='lat' dir='ltr'>qui</span> <span class='ocrx_word' id='word_1_16' title='bbox 325 916 356 974; x_wconf 87' lang='lat' dir='ltr'>in</span> <span class='ocrx_word' id='word_1_17' title='bbox 383 913 526 973; x_wconf 89' lang='lat' dir='ltr'>tabularii</span> <span class='ocrx_word' id='word_1_18' title='bbox 549 911 714 991; x_wconf 79' lang='lat' dir='ltr'>Capitolini</span> <span class='ocrx_word' id='word_1_19' title='bbox 740 915 856 973; x_wconf 80' lang='lat' dir='ltr'>horreis</span> <span class='ocrx_word' id='word_1_20' title='bbox 879 921 1046 986; x_wconf 86' lang='lat' dir='ltr'>servantur,</span> <span class='ocrx_word' id='word_1_21' title='bbox 1075 915 1248 974; x_wconf 86' lang='lat' dir='ltr'>describens</span> <span class='ocrx_word' id='word_1_22' title='bbox 1270 915 1394 974; x_wconf 88' lang='lat' dir='ltr'>utilissi-</span> 
     </span>
     <span class='ocr_line' id='line_1_4' title="bbox 110 1016 1395 1094; baseline 0 -18"><span class='ocrx_word' id='word_1_23' title='bbox 110 1037 183 1076; x_wconf 87' lang='lat' dir='ltr'>mam</span> <span class='ocrx_word' id='word_1_24' title='bbox 208 1035 330 1094; x_wconf 86' lang='lat' dir='ltr'>operam</span> <span class='ocrx_word' id='word_1_25' title='bbox 355 1017 501 1094; x_wconf 85' lang='lat' dir='ltr'>impendit</span> <span class='ocrx_word' id='word_1_26' title='bbox 531 1017 561 1074; x_wconf 93' lang='lat' dir='ltr'>in</span> <span class='ocrx_word' id='word_1_27' title='bbox 590 1016 757 1092; x_wconf 86' lang='lat' dir='ltr'>fragmenta</span> <span class='ocrx_word' id='word_1_28' title='bbox 787 1017 904 1076; x_wconf 89' lang='lat' dir='ltr'>basium</span> <span class='ocrx_word' id='word_1_29' title='bbox 931 1035 1165 1076; x_wconf 89' lang='lat' dir='ltr'>marmorearum</span> <span class='ocrx_word' id='word_1_30' title='bbox 1192 1017 1223 1075; x_wconf 94' lang='lat' dir='ltr'>in</span> <span class='ocrx_word' id='word_1_31' title='bbox 1250 1017 1395 1076; x_wconf 83' lang='lat' dir='ltr'>lateribus</span> 
     </span>
     <span class='ocr_line' id='line_1_5' title="bbox 111 1119 1395 1196; baseline 0 -18"><span class='ocrx_word' id='word_1_32' title='bbox 111 1121 224 1178; x_wconf 88' lang='lat' dir='ltr'>uomina</span> <span class='ocrx_word' id='word_1_33' title='bbox 260 1120 387 1180; x_wconf 88' lang='lat' dir='ltr'>militum</span> <span class='ocrx_word' id='word_1_34' title='bbox 425 1119 683 1196; x_wconf 86' lang='lat' dir='ltr'>praetorianorum</span> <span class='ocrx_word' id='word_1_35' title='bbox 722 1139 776 1196; x_wconf 87' lang='lat' dir='ltr'>per</span> <span class='ocrx_word' id='word_1_36' title='bbox 811 1123 962 1178; x_wconf 87' lang='lat' dir='ltr'>centurias</span> <span class='ocrx_word' id='word_1_37' title='bbox 998 1119 1148 1196; x_wconf 85' lang='lat' dir='ltr'>disposita</span> <span class='ocrx_word' id='word_1_38' title='bbox 1180 1119 1395 1194; x_wconf 82' lang='lat' dir='ltr'>exhibentium,</span> 
     </span>
     <span class='ocr_line' id='line_1_6' title="bbox 111 1221 1396 1300; baseline 0.001 -21"><span class='ocrx_word' id='word_1_39' title='bbox 111 1241 182 1300; x_wconf 85' lang='lat' dir='ltr'>qnae</span> <span class='ocrx_word' id='word_1_40' title='bbox 203 1239 258 1298; x_wconf 91' lang='lat' dir='ltr'>ego</span> <span class='ocrx_word' id='word_1_41' title='bbox 281 1242 299 1281; x_wconf 91' lang='lat' dir='ltr'>a</span> <span class='ocrx_word' id='word_1_42' title='bbox 320 1221 463 1280; x_wconf 86' lang='lat' dir='ltr'>Kaibelio</span> <span class='ocrx_word' id='word_1_43' title='bbox 485 1222 676 1297; x_wconf 89' lang='lat' dir='ltr'>potissimum</span> <span class='ocrx_word' id='word_1_44' title='bbox 698 1223 818 1280; x_wconf 88' lang='lat' dir='ltr'>adiutus</span> <span class='ocrx_word' id='word_1_45' title='bbox 841 1229 930 1280; x_wconf 89' lang='lat' dir='ltr'>antea</span> <span class='ocrx_word' id='word_1_46' title='bbox 950 1221 1166 1298; x_wconf 79' lang='lat' dir='ltr'>descripseram</span> <span class='ocrx_word' id='word_1_47' title='bbox 1193 1233 1223 1281; x_wconf 93' lang='lat' dir='ltr'>et</span> <span class='ocrx_word' id='word_1_48' title='bbox 1244 1221 1396 1282; x_wconf 78' lang='lat' dir='ltr'>edideram</span> 
     </span>
     <span class='ocr_line' id='line_1_7' title="bbox 111 1321 1396 1400; baseline 0 -16"><span class='ocrx_word' id='word_1_49' title='bbox 111 1326 161 1384; x_wconf 91' lang='lat' dir='ltr'>snb</span> <span class='ocrx_word' id='word_1_50' title='bbox 183 1343 211 1381; x_wconf 94' lang='lat' dir='ltr'>n.</span> <span class='ocrx_word' id='word_1_51' title='bbox 228 1323 320 1383; x_wconf 89' lang='grc'><strong>2385.</strong></span> <span class='ocrx_word' id='word_1_52' title='bbox 344 1321 436 1383; x_wconf 88' lang='grc'><strong>2388.</strong></span> <span class='ocrx_word' id='word_1_53' title='bbox 460 1323 551 1382; x_wconf 89' lang='grc'><strong>2390.</strong></span> <span class='ocrx_word' id='word_1_54' title='bbox 575 1323 666 1383; x_wconf 89' lang='grc'><strong>2391.</strong></span> <span class='ocrx_word' id='word_1_55' title='bbox 690 1323 770 1381; x_wconf 90' lang='grc'><strong>2393</strong></span> <span class='ocrx_word' id='word_1_56' title='bbox 795 1323 845 1398; x_wconf 88' lang='lat' dir='ltr'>(cf.</span> <span class='ocrx_word' id='word_1_57' title='bbox 869 1323 1016 1384; x_wconf 83' lang='lat' dir='ltr'>Addenda</span> <span class='ocrx_word' id='word_1_58' title='bbox 1037 1343 1066 1400; x_wconf 92' lang='lat' dir='ltr'>p.</span> <span class='ocrx_word' id='word_1_59' title='bbox 1083 1324 1168 1400; x_wconf 86' lang='grc'><strong>868).</strong></span> <span class='ocrx_word' id='word_1_60' title='bbox 1212 1323 1291 1382; x_wconf 85' lang='lat' dir='ltr'>Nam</span> <span class='ocrx_word' id='word_1_61' title='bbox 1311 1333 1340 1382; x_wconf 91' lang='lat' dir='ltr'>et</span> <span class='ocrx_word' id='word_1_62' title='bbox 1354 1325 1396 1384; x_wconf 86' lang='lat' dir='ltr'>la-</span> 
     </span>
     <span class='ocr_line' id='line_1_8' title="bbox 110 1426 1395 1504; baseline 0.001 -20"><span class='ocrx_word' id='word_1_63' title='bbox 110 1427 222 1504; x_wconf 91' lang='lat' dir='ltr'>pidibus</span> <span class='ocrx_word' id='word_1_64' title='bbox 253 1427 317 1484; x_wconf 92' lang='lat' dir='ltr'>lntc</span> <span class='ocrx_word' id='word_1_65' title='bbox 347 1435 378 1484; x_wconf 89' lang='lat' dir='ltr'>et</span> <span class='ocrx_word' id='word_1_66' title='bbox 409 1426 490 1483; x_wconf 88' lang='lat' dir='ltr'>calce</span> <span class='ocrx_word' id='word_1_67' title='bbox 522 1427 619 1484; x_wconf 89' lang='lat' dir='ltr'>tenaci</span> <span class='ocrx_word' id='word_1_68' title='bbox 650 1426 751 1484; x_wconf 90' lang='lat' dir='ltr'>oblitis</span> <span class='ocrx_word' id='word_1_69' title='bbox 782 1427 889 1484; x_wconf 88' lang='lat' dir='ltr'>sedulo</span> <span class='ocrx_word' id='word_1_70' title='bbox 921 1428 1057 1502; x_wconf 87' lang='lat' dir='ltr'>purgatis</span> <span class='ocrx_word' id='word_1_71' title='bbox 1085 1427 1252 1503; x_wconf 79' lang='lat' dir='ltr'>litterisque</span> <span class='ocrx_word' id='word_1_72' title='bbox 1279 1426 1395 1486; x_wconf 90' lang='lat' dir='ltr'>detritis</span> 
     </span>
     <span class='ocr_line' id='line_1_9' title="bbox 110 1527 1397 1605; baseline 0 -19"><span class='ocrx_word' id='word_1_73' title='bbox 110 1547 197 1604; x_wconf 85' lang='lat' dir='ltr'>opera</span> <span class='ocrx_word' id='word_1_74' title='bbox 223 1528 371 1604; x_wconf 79' lang='lat' dir='ltr'>frequenti</span> <span class='ocrx_word' id='word_1_75' title='bbox 397 1527 556 1604; x_wconf 88' lang='lat' dir='ltr'>diligenter</span> <span class='ocrx_word' id='word_1_76' title='bbox 583 1529 761 1586; x_wconf 81' lang='lat' dir='ltr'>examinatis</span> <span class='ocrx_word' id='word_1_77' title='bbox 783 1528 864 1586; x_wconf 92' lang='lat' dir='ltr'>haud</span> <span class='ocrx_word' id='word_1_78' title='bbox 888 1547 984 1604; x_wconf 89' lang='lat' dir='ltr'>pauca</span> <span class='ocrx_word' id='word_1_79' title='bbox 1006 1537 1084 1587; x_wconf 87' lang='lat' dir='ltr'>recte</span> <span class='ocrx_word' id='word_1_80' title='bbox 1107 1529 1180 1605; x_wconf 91' lang='lat' dir='ltr'>legit</span> <span class='ocrx_word' id='word_1_81' title='bbox 1204 1547 1282 1604; x_wconf 89' lang='lat' dir='ltr'>quae</span> <span class='ocrx_word' id='word_1_82' title='bbox 1309 1537 1397 1586; x_wconf 90' lang='lat' dir='ltr'>antea</span> 
     </span>
     <span class='ocr_line' id='line_1_10' title="bbox 110 1630 1397 1708; baseline 0.002 -22"><span class='ocrx_word' id='word_1_83' title='bbox 110 1631 153 1690; x_wconf 86' lang='lat' dir='ltr'>rel</span> <span class='ocrx_word' id='word_1_84' title='bbox 178 1631 256 1688; x_wconf 89' lang='lat' dir='ltr'>male</span> <span class='ocrx_word' id='word_1_85' title='bbox 282 1631 361 1688; x_wconf 89' lang='lat' dir='ltr'>lecta</span> <span class='ocrx_word' id='word_1_86' title='bbox 388 1631 435 1688; x_wconf 80' lang='lat' dir='ltr'>vet</span> <span class='ocrx_word' id='word_1_87' title='bbox 463 1631 585 1689; x_wconf 90' lang='lat' dir='ltr'>omnino</span> <span class='ocrx_word' id='word_1_88' title='bbox 611 1648 670 1689; x_wconf 91' lang='lat' dir='ltr'>non</span> <span class='ocrx_word' id='word_1_89' title='bbox 697 1631 817 1707; x_wconf 86' lang='lat' dir='ltr'>cognita</span> <span class='ocrx_word' id='word_1_90' title='bbox 842 1639 928 1689; x_wconf 90' lang='lat' dir='ltr'>erant</span> <span class='ocrx_word' id='word_1_91' title='bbox 953 1637 983 1688; x_wconf 90' lang='lat' dir='ltr'>et</span> <span class='ocrx_word' id='word_1_92' title='bbox 1004 1630 1136 1707; x_wconf 88' lang='lat' dir='ltr'>lepidum</span> <span class='ocrx_word' id='word_1_93' title='bbox 1158 1631 1326 1708; x_wconf 87' lang='lat' dir='ltr'>generibus,</span> <span class='ocrx_word' id='word_1_94' title='bbox 1348 1631 1397 1689; x_wconf 90' lang='lat' dir='ltr'>lit-</span> 
     </span>
     <span class='ocr_line' id='line_1_11' title="bbox 109 1733 1398 1810; baseline -0.001 -17"><span class='ocrx_word' id='word_1_95' title='bbox 109 1747 233 1793; x_wconf 88' lang='lat' dir='ltr'>terarum</span> <span class='ocrx_word' id='word_1_96' title='bbox 255 1741 373 1804; x_wconf 85' lang='lat' dir='ltr'>natura,</span> <span class='ocrx_word' id='word_1_97' title='bbox 396 1733 465 1791; x_wconf 89' lang='lat' dir='ltr'>aliis</span> <span class='ocrx_word' id='word_1_98' title='bbox 488 1733 607 1792; x_wconf 87' lang='lat' dir='ltr'>indiciis</span> <span class='ocrx_word' id='word_1_99' title='bbox 630 1733 788 1809; x_wconf 91' lang='lat' dir='ltr'>diligenter</span> <span class='ocrx_word' id='word_1_100' title='bbox 810 1733 1007 1791; x_wconf 86' lang='lat' dir='ltr'>consideratis</span> <span class='ocrx_word' id='word_1_101' title='bbox 1024 1734 1104 1792; x_wconf 85' lang='lat' dir='ltr'>haud</span> <span class='ocrx_word' id='word_1_102' title='bbox 1119 1751 1217 1810; x_wconf 85' lang='lat' dir='ltr'>pauca</span> <span class='ocrx_word' id='word_1_103' title='bbox 1230 1733 1398 1809; x_wconf 84' lang='lat' dir='ltr'>fragments</span> 
     </span>
     <span class='ocr_line' id='line_1_12' title="bbox 109 1835 1399 1913; baseline 0 -20"><span class='ocrx_word' id='word_1_104' title='bbox 109 1837 152 1894; x_wconf 85' lang='lat' dir='ltr'>rel</span> <span class='ocrx_word' id='word_1_105' title='bbox 173 1835 322 1913; x_wconf 88' lang='lat' dir='ltr'>quemodo</span> <span class='ocrx_word' id='word_1_106' title='bbox 344 1835 553 1912; x_wconf 88' lang='lat' dir='ltr'>coniungenda</span> <span class='ocrx_word' id='word_1_107' title='bbox 575 1835 620 1893; x_wconf 88' lang='lat' dir='ltr'>vel</span> <span class='ocrx_word' id='word_1_108' title='bbox 642 1836 727 1894; x_wconf 89' lang='lat' dir='ltr'>euius</span> <span class='ocrx_word' id='word_1_109' title='bbox 754 1835 835 1894; x_wconf 89' lang='lat' dir='ltr'>basis</span> <span class='ocrx_word' id='word_1_110' title='bbox 861 1845 961 1894; x_wconf 83' lang='lat' dir='ltr'>essent</span> <span class='ocrx_word' id='word_1_111' title='bbox 986 1845 1037 1894; x_wconf 91' lang='lat' dir='ltr'>ant</span> <span class='ocrx_word' id='word_1_112' title='bbox 1062 1843 1144 1894; x_wconf 88' lang='lat' dir='ltr'>certo</span> <span class='ocrx_word' id='word_1_113' title='bbox 1170 1835 1326 1910; x_wconf 85' lang='lat' dir='ltr'>perspexit</span> <span class='ocrx_word' id='word_1_114' title='bbox 1347 1843 1399 1893; x_wconf 90' lang='lat' dir='ltr'>aut</span> 
     </span>
     <span class='ocr_line' id='line_1_13' title="bbox 109 1936 1397 2014; baseline -0.002 -17"><span class='ocrx_word' id='word_1_115' title='bbox 109 1940 278 1997; x_wconf 88' lang='lat' dir='ltr'>coniectura</span> <span class='ocrx_word' id='word_1_116' title='bbox 300 1938 449 2014; x_wconf 86' lang='lat' dir='ltr'>probabili</span> <span class='ocrx_word' id='word_1_117' title='bbox 471 1937 626 1996; x_wconf 86' lang='lat' dir='ltr'>divinavit.</span> <span class='ocrx_word' id='word_1_118' title='bbox 674 1936 739 1996; x_wconf 90' lang='lat' dir='ltr'>Nos</span> <span class='ocrx_word' id='word_1_119' title='bbox 766 1957 805 1995; x_wconf 85' lang='lat' dir='ltr'>ex</span> <span class='ocrx_word' id='word_1_120' title='bbox 830 1938 867 1995; x_wconf 91' lang='lat' dir='ltr'>iis</span> <span class='ocrx_word' id='word_1_121' title='bbox 890 1955 967 2014; x_wconf 89' lang='lat' dir='ltr'>quas</span> <span class='ocrx_word' id='word_1_122' title='bbox 990 1937 1063 2014; x_wconf 91' lang='lat' dir='ltr'>legit</span> <span class='ocrx_word' id='word_1_123' title='bbox 1084 1937 1130 1996; x_wconf 88' lang='lat' dir='ltr'>vel</span> <span class='ocrx_word' id='word_1_124' title='bbox 1153 1936 1328 2014; x_wconf 78' lang='lat' dir='ltr'>recognovit</span> <span class='ocrx_word' id='word_1_125' title='bbox 1349 1937 1397 1995; x_wconf 86' lang='lat' dir='ltr'>hic</span> 
     </span>
     <span class='ocr_line' id='line_1_14' title="bbox 110 2041 413 2119; baseline -0.013 -19"><span class='ocrx_word' id='word_1_126' title='bbox 110 2042 262 2119; x_wconf 89' lang='lat' dir='ltr'>posuimus</span> <span class='ocrx_word' id='word_1_127' title='bbox 285 2041 413 2118; x_wconf 86' lang='lat' dir='ltr'>potiora.</span> 
     </span>
    </p>
   </div>
   <div class='ocr_carea' id='block_1_3' title="bbox 75 2263 1397 2548">
    <p class='ocr_par' dir='ltr' id='par_1_3' title="bbox 75 2263 1397 2548">
     <span class='ocr_line' id='line_1_15' title="bbox 110 2263 1397 2344; baseline -0.002 -21"><span class='ocrx_word' id='word_1_128' title='bbox 110 2264 147 2323; x_wconf 86' lang='lat' dir='ltr'>N.</span> <span class='ocrx_word' id='word_1_129' title='bbox 164 2263 270 2325; x_wconf 71' lang='lat' dir='ltr'>testa</span> <span class='ocrx_word' id='word_1_130' title='bbox 297 2265 476 2323; x_wconf 85' lang='lat' dir='ltr'>examinatis</span> <span class='ocrx_word' id='word_1_131' title='bbox 504 2265 664 2344; x_wconf 89' lang='lat' dir='ltr'>diligenter</span> <span class='ocrx_word' id='word_1_132' title='bbox 688 2273 719 2323; x_wconf 87' lang='lat' dir='ltr'>et</span> <span class='ocrx_word' id='word_1_133' title='bbox 740 2283 885 2323; x_wconf 88' lang='lat' dir='ltr'>marmore</span> <span class='ocrx_word' id='word_1_134' title='bbox 907 2272 937 2322; x_wconf 90' lang='lat' dir='ltr'>et</span> <span class='ocrx_word' id='word_1_135' title='bbox 959 2265 1055 2323; x_wconf 88' lang='lat' dir='ltr'>forma</span> <span class='ocrx_word' id='word_1_136' title='bbox 1077 2263 1159 2324; x_wconf 86' lang='lat' dir='ltr'>basis</span> <span class='ocrx_word' id='word_1_137' title='bbox 1182 2285 1201 2322; x_wconf 89' lang='lat' dir='ltr'>a</span> <span class='ocrx_word' id='word_1_138' title='bbox 1222 2263 1397 2341; x_wconf 83' lang='lat' dir='ltr'>fragmentis</span> 
     </span>
     <span class='ocr_line' id='line_1_16' title="bbox 75 2365 1397 2446; baseline -0.002 -21"><span class='ocrx_word' id='word_1_139' title='bbox 75 2365 171 2427; x_wconf 89' lang='grc'><strong>23855</strong></span> <span class='ocrx_word' id='word_1_140' title='bbox 198 2367 441 2443; x_wconf 86' lang='lat' dir='ltr'>distinguendum</span> <span class='ocrx_word' id='word_1_141' title='bbox 472 2385 540 2425; x_wconf 88' lang='lat' dir='ltr'>esse</span> <span class='ocrx_word' id='word_1_142' title='bbox 566 2368 721 2444; x_wconf 83' lang='lat' dir='ltr'>perspexit</span> <span class='ocrx_word' id='word_1_143' title='bbox 749 2365 900 2438; x_wconf 88' lang='lat' dir='ltr'>Schmidt,</span> <span class='ocrx_word' id='word_1_144' title='bbox 929 2367 980 2442; x_wconf 90' lang='lat' dir='ltr'>qui</span> <span class='ocrx_word' id='word_1_145' title='bbox 1009 2367 1111 2426; x_wconf 92' lang='lat' dir='ltr'>addito</span> <span class='ocrx_word' id='word_1_146' title='bbox 1140 2367 1307 2446; x_wconf 85' lang='lat' dir='ltr'>fragmento</span> <span class='ocrx_word' id='word_1_147' title='bbox 1333 2385 1397 2423; x_wconf 88' lang='lat' dir='ltr'>ver·</span> 
     </span>
     <span class='ocr_line' id='line_1_17' title="bbox 75 2469 524 2548; baseline -0.004 -20"><span class='ocrx_word' id='word_1_148' title='bbox 75 2487 153 2530; x_wconf 87' lang='lat' dir='ltr'>suum</span> <span class='ocrx_word' id='word_1_149' title='bbox 169 2469 249 2528; x_wconf 89' lang='grc'>2-5</span> <span class='ocrx_word' id='word_1_150' title='bbox 273 2471 446 2548; x_wconf 87' lang='lat' dir='ltr'>composuit</span> <span class='ocrx_word' id='word_1_151' title='bbox 467 2470 524 2528; x_wconf 89' lang='lat' dir='ltr'>sic:</span> 
     </span>
    </p>
   </div>
   <div class='ocr_carea' id='block_1_4' title="bbox 489 3175 1021 3543">
    <p class='ocr_par' dir='ltr' id='par_1_4' title="bbox 489 3175 1021 3543">
     <span class='ocr_line' id='line_1_18' title="bbox 489 3175 828 3236; baseline 0 -2"><span class='ocrx_word' id='word_1_152' title='bbox 489 3175 712 3234; x_wconf 80' lang='lat' dir='ltr'>xvn·1nr·xv·</span> <span class='ocrx_word' id='word_1_153' title='bbox 758 3207 788 3236; x_wconf 71' lang='grc' dir='ltr'>οι.</span> <span class='ocrx_word' id='word_1_154' title='bbox 810 3195 828 3234; x_wconf 79' lang='lat' dir='ltr'>n·</span> 
     </span>
     <span class='ocr_line' id='line_1_19' title="bbox 490 3293 624 3337; baseline -0.007 -1"><span class='ocrx_word' id='word_1_155' title='bbox 490 3293 588 3337; x_wconf 75' lang='lat' dir='ltr'>naret</span> <span class='ocrx_word' id='word_1_156' title='bbox 618 3309 624 3322; x_wconf 93' lang='lat'>·</span> 
     </span>
     <span class='ocr_line' id='line_1_20' title="bbox 492 3395 739 3439; baseline 0.008 -2"><span class='ocrx_word' id='word_1_157' title='bbox 492 3395 528 3438; x_wconf 61' lang='grc' dir='ltr'><strong>Μ</strong></span> <span class='ocrx_word' id='word_1_158' title='bbox 586 3396 739 3439; x_wconf 78' lang='lat' dir='ltr'>·F¹·tt</span> 
     </span>
     <span class='ocr_line' id='line_1_21' title="bbox 914 3476 1021 3543; baseline 0.009 -2"><span class='ocrx_word' id='word_1_159' title='bbox 914 3476 1021 3543; x_wconf 53' lang='lat' dir='ltr'>nivi*</span> 
     </span>
    </p>
   </div>
   <div class='ocr_carea' id='block_1_5' title="bbox 422 3452 990 3878">
    <p class='ocr_par' dir='ltr' id='par_1_5' title="bbox 520 3452 895 3619">
     <span class='ocr_line' id='line_1_22' title="bbox 520 3452 895 3619; baseline -0.008 -74"><span class='ocrx_word' id='word_1_160' title='bbox 520 3452 706 3619; x_wconf 50' lang='lat' dir='ltr'>r&#39;VlffAlltcat&#39;ai</span> <span class='ocrx_word' id='word_1_161' title='bbox 716 3503 752 3555; x_wconf 83' lang='lat' dir='ltr'>pti</span> <span class='ocrx_word' id='word_1_162' title='bbox 765 3501 868 3544; x_wconf 77' lang='lat' dir='ltr'>acl&#39;OT</span> <span class='ocrx_word' id='word_1_163' title='bbox 888 3515 895 3529; x_wconf 94' lang='lat'><strong>·</strong></span> 
     </span>
    </p>

    <p class='ocr_par' dir='ltr' id='par_1_6' title="bbox 422 3603 990 3878">
     <span class='ocr_line' id='line_1_23' title="bbox 422 3603 989 3657; baseline -0.004 -11"><span class='ocrx_word' id='word_1_164' title='bbox 422 3607 448 3647; x_wconf 82' lang='grc'>10</span> <span class='ocrx_word' id='word_1_165' title='bbox 491 3605 588 3646; x_wconf 80' lang='lat' dir='ltr'>tna·</span> <span class='ocrx_word' id='word_1_166' title='bbox 624 3605 784 3657; x_wconf 72' lang='lat' dir='ltr'>resspondist</span> <span class='ocrx_word' id='word_1_167' title='bbox 853 3603 989 3645; x_wconf 74' lang='grc' dir='ltr'><strong>Ι·ΡΑ11Τ·</strong></span> 
     </span>
     <span class='ocr_line' id='line_1_24' title="bbox 492 3617 990 3750; baseline -0.006 -1"><span class='ocrx_word' id='word_1_168' title='bbox 492 3617 797 3750; x_wconf 45' lang='grc' dir='ltr'>ὦΝΕΡιϋήωηω</span> <span class='ocrx_word' id='word_1_169' title='bbox 875 3707 930 3747; x_wconf 65' lang='lat' dir='ltr'>Db</span> <span class='ocrx_word' id='word_1_170' title='bbox 974 3705 990 3746; x_wconf 78' lang='grc' dir='ltr'>Ρ</span> 
     </span>
     <span class='ocr_line' id='line_1_25' title="bbox 493 3735 893 3878; baseline -0.003 -26"><span class='ocrx_word' id='word_1_171' title='bbox 493 3735 568 3878; x_wconf 70' lang='lat' dir='ltr'>0ch</span> <span class='ocrx_word' id='word_1_172' title='bbox 618 3817 659 3854; x_wconf 83' lang='lat' dir='ltr'>ast.</span> <span class='ocrx_word' id='word_1_173' title='bbox 670 3823 694 3864; x_wconf 82' lang='lat' dir='ltr'>p.</span> <span class='ocrx_word' id='word_1_174' title='bbox 709 3823 730 3853; x_wconf 80' lang='lat' dir='ltr'>a.</span> <span class='ocrx_word' id='word_1_175' title='bbox 745 3811 766 3852; x_wconf 85' lang='lat' dir='ltr'>d.</span> <span class='ocrx_word' id='word_1_176' title='bbox 780 3821 801 3852; x_wconf 73' lang='lat' dir='ltr'>n</span> <span class='ocrx_word' id='word_1_177' title='bbox 816 3821 859 3864; x_wconf 68' lang='grc' dir='ltr'>ηις.</span> <span class='ocrx_word' id='word_1_178' title='bbox 874 3811 893 3852; x_wconf 82' lang='lat' dir='ltr'>st</span> 
     </span>
    </p>
   </div>
   <div class='ocr_carea' id='block_1_6' title="bbox 79 4003 1405 4289">
    <p class='ocr_par' dir='ltr' id='par_1_7' title="bbox 79 4003 1405 4289">
     <span class='ocr_line' id='line_1_26' title="bbox 79 4003 1405 4086; baseline -0.002 -23"><span class='ocrx_word' id='word_1_179' title='bbox 79 4003 216 4065; x_wconf 89' lang='lat' dir='ltr'>Notanda</span> <span class='ocrx_word' id='word_1_180' title='bbox 236 4006 377 4066; x_wconf 86' lang='lat' dir='ltr'>salutatio</span> <span class='ocrx_word' id='word_1_181' title='bbox 395 4009 588 4086; x_wconf 87' lang='lat' dir='ltr'>imperatoria</span> <span class='ocrx_word' id='word_1_182' title='bbox 603 4009 664 4067; x_wconf 90' lang='lat' dir='ltr'>XV</span> <span class='ocrx_word' id='word_1_183' title='bbox 679 4009 837 4068; x_wconf 88' lang='lat' dir='ltr'>coniuncta</span> <span class='ocrx_word' id='word_1_184' title='bbox 855 4027 921 4066; x_wconf 92' lang='lat' dir='ltr'>cum</span> <span class='ocrx_word' id='word_1_185' title='bbox 942 4025 1065 4066; x_wconf 88' lang='lat' dir='ltr'>numero</span> <span class='ocrx_word' id='word_1_186' title='bbox 1086 4005 1260 4065; x_wconf 86' lang='lat' dir='ltr'>tribuniciae</span> <span class='ocrx_word' id='word_1_187' title='bbox 1275 4011 1405 4082; x_wconf 88' lang='lat' dir='ltr'>potesta·</span> 
     </span>
     <span class='ocr_line' id='line_1_27' title="bbox 80 4107 1405 4190; baseline 0 -26"><span class='ocrx_word' id='word_1_188' title='bbox 80 4107 114 4165; x_wconf 86' lang='lat' dir='ltr'>tis</span> <span class='ocrx_word' id='word_1_189' title='bbox 128 4108 231 4181; x_wconf 84' lang='lat' dir='ltr'>XVII,</span> <span class='ocrx_word' id='word_1_190' title='bbox 252 4127 318 4169; x_wconf 89' lang='lat' dir='ltr'>cum</span> <span class='ocrx_word' id='word_1_191' title='bbox 334 4111 488 4190; x_wconf 87' lang='lat' dir='ltr'>hucusque</span> <span class='ocrx_word' id='word_1_192' title='bbox 515 4121 576 4170; x_wconf 89' lang='lat' dir='ltr'>tam</span> <span class='ocrx_word' id='word_1_193' title='bbox 602 4111 815 4188; x_wconf 87' lang='lat' dir='ltr'>inscriptiones</span> <span class='ocrx_word' id='word_1_194' title='bbox 837 4129 926 4186; x_wconf 89' lang='lat' dir='ltr'>quam</span> <span class='ocrx_word' id='word_1_195' title='bbox 950 4110 1060 4168; x_wconf 90' lang='lat' dir='ltr'>nummi</span> <span class='ocrx_word' id='word_1_196' title='bbox 1083 4119 1115 4168; x_wconf 91' lang='lat' dir='ltr'>ut</span> <span class='ocrx_word' id='word_1_197' title='bbox 1137 4109 1270 4168; x_wconf 89' lang='lat' dir='ltr'>ultimam</span> <span class='ocrx_word' id='word_1_198' title='bbox 1294 4107 1405 4167; x_wconf 87' lang='lat' dir='ltr'>saluta-</span> 
     </span>
     <span class='ocr_line' id='line_1_28' title="bbox 80 4209 847 4289; baseline 0.007 -24"><span class='ocrx_word' id='word_1_199' title='bbox 80 4209 182 4270; x_wconf 88' lang='lat' dir='ltr'>tionem</span> <span class='ocrx_word' id='word_1_200' title='bbox 205 4212 429 4289; x_wconf 83' lang='lat' dir='ltr'>imperatoriam</span> <span class='ocrx_word' id='word_1_201' title='bbox 451 4213 609 4272; x_wconf 89' lang='lat' dir='ltr'>habuerint</span> <span class='ocrx_word' id='word_1_202' title='bbox 631 4213 847 4272; x_wconf 87' lang='lat' dir='ltr'>duodecimam.</span> 
     </span>
    </p>
   </div>
   <div class='ocr_carea' id='block_1_7' title="bbox 637 4485 840 4494">
    <p class='ocr_par' dir='ltr' id='par_1_8' title="bbox 637 4485 840 4494">
     <span class='ocr_line' id='line_1_29' title="bbox 637 4485 840 4494; baseline -0.005 0"><span class='ocrx_word' id='word_1_203' title='bbox 637 4485 840 4494; x_wconf 72' lang='lat'><strong>-—-—.-.-—-</strong></span> 
     </span>
    </p>
   </div>
   <div class='ocr_carea' id='block_1_8' title="bbox 83 4705 1409 5399">
    <p class='ocr_par' dir='ltr' id='par_1_9' title="bbox 120 4705 839 4787">
     <span class='ocr_line' id='line_1_30' title="bbox 120 4705 839 4787; baseline 0.003 -22"><span class='ocrx_word' id='word_1_204' title='bbox 120 4705 165 4766; x_wconf 90' lang='lat' dir='ltr'>De</span> <span class='ocrx_word' id='word_1_205' title='bbox 187 4730 216 4769; x_wconf 91' lang='lat' dir='ltr'>n.</span> <span class='ocrx_word' id='word_1_206' title='bbox 233 4707 336 4768; x_wconf 91' lang='grc'><strong>23855</strong></span> <span class='ocrx_word' id='word_1_207' title='bbox 360 4709 542 4771; x_wconf 86' lang='lat' dir='ltr'>Schmidtius</span> <span class='ocrx_word' id='word_1_208' title='bbox 565 4711 731 4787; x_wconf 84' lang='lat' dir='ltr'>disputavit</span> <span class='ocrx_word' id='word_1_209' title='bbox 753 4711 839 4768; x_wconf 87' lang='lat' dir='ltr'>haec:</span> 
     </span>
    </p>

    <p class='ocr_par' dir='ltr' id='par_1_10' title="bbox 83 4805 1409 5399">
     <span class='ocr_line' id='line_1_31' title="bbox 119 4805 1406 4889; baseline -0.002 -19"><span class='ocrx_word' id='word_1_210' title='bbox 119 4805 246 4889; x_wconf 84' lang='lat' dir='ltr'>‘Corpus</span> <span class='ocrx_word' id='word_1_211' title='bbox 278 4811 526 4888; x_wconf 79' lang='lat' dir='ltr'>fragmentorum,</span> <span class='ocrx_word' id='word_1_212' title='bbox 559 4813 638 4889; x_wconf 90' lang='lat' dir='ltr'>qued</span> <span class='ocrx_word' id='word_1_213' title='bbox 668 4813 722 4871; x_wconf 92' lang='lat' dir='ltr'>sub</span> <span class='ocrx_word' id='word_1_214' title='bbox 751 4833 780 4871; x_wconf 93' lang='lat' dir='ltr'>n.</span> <span class='ocrx_word' id='word_1_215' title='bbox 805 4815 816 4868; x_wconf 98' lang='grc'><strong>1</strong></span> <span class='ocrx_word' id='word_1_216' title='bbox 849 4812 1019 4888; x_wconf 90' lang='lat' dir='ltr'>composui,</span> <span class='ocrx_word' id='word_1_217' title='bbox 1052 4811 1140 4870; x_wconf 86' lang='lat' dir='ltr'>trium</span> <span class='ocrx_word' id='word_1_218' title='bbox 1170 4811 1253 4870; x_wconf 89' lang='lat' dir='ltr'>basis</span> <span class='ocrx_word' id='word_1_219' title='bbox 1282 4811 1406 4870; x_wconf 87' lang='lat' dir='ltr'>laterum</span> 
     </span>
     <span class='ocr_line' id='line_1_32' title="bbox 83 4911 1407 4990; baseline -0.002 -20"><span class='ocrx_word' id='word_1_220' title='bbox 83 4925 176 4986; x_wconf 88' lang='lat' dir='ltr'>partes</span> <span class='ocrx_word' id='word_1_221' title='bbox 203 4913 418 4989; x_wconf 89' lang='lat' dir='ltr'>complectitur.</span> <span class='ocrx_word' id='word_1_222' title='bbox 463 4913 590 4974; x_wconf 85' lang='lat' dir='ltr'>Constat</span> <span class='ocrx_word' id='word_1_223' title='bbox 616 4934 654 4972; x_wconf 89' lang='lat' dir='ltr'>ex</span> <span class='ocrx_word' id='word_1_224' title='bbox 682 4915 871 4990; x_wconf 83' lang='lat' dir='ltr'>fragmentis,</span> <span class='ocrx_word' id='word_1_225' title='bbox 898 4933 976 4989; x_wconf 89' lang='lat' dir='ltr'>quae</span> <span class='ocrx_word' id='word_1_226' title='bbox 999 4914 1120 4971; x_wconf 90' lang='lat' dir='ltr'>suntin</span> <span class='ocrx_word' id='word_1_227' title='bbox 1144 4911 1178 4971; x_wconf 85' lang='grc' dir='ltr'>Ο.</span> <span class='ocrx_word' id='word_1_228' title='bbox 1194 4913 1219 4969; x_wconf 95' lang='grc' dir='ltr'>Ι.</span> <span class='ocrx_word' id='word_1_229' title='bbox 1234 4911 1269 4970; x_wconf 95' lang='lat' dir='ltr'>L.</span> <span class='ocrx_word' id='word_1_230' title='bbox 1292 4912 1407 4970; x_wconf 90' lang='lat' dir='ltr'>vel.Vl</span> 
     </span>
     <span class='ocr_line' id='line_1_33' title="bbox 84 5013 1407 5091; baseline 0 -21"><span class='ocrx_word' id='word_1_231' title='bbox 84 5031 109 5070; x_wconf 91' lang='lat' dir='ltr'>n.</span> <span class='ocrx_word' id='word_1_232' title='bbox 121 5013 232 5089; x_wconf 86' lang='grc'><strong>23855,</strong></span> <span class='ocrx_word' id='word_1_233' title='bbox 251 5016 297 5074; x_wconf 85' lang='grc'>17.</span> <span class='ocrx_word' id='word_1_234' title='bbox 316 5015 343 5072; x_wconf 89' lang='grc'>8.</span> <span class='ocrx_word' id='word_1_235' title='bbox 360 5035 388 5073; x_wconf 94' lang='lat' dir='ltr'>n.</span> <span class='ocrx_word' id='word_1_236' title='bbox 402 5015 504 5075; x_wconf 74' lang='lat'><strong>23930</strong></span> <span class='ocrx_word' id='word_1_237' title='bbox 519 5015 591 5090; x_wconf 90' lang='lat' dir='ltr'>(nisi</span> <span class='ocrx_word' id='word_1_238' title='bbox 607 5017 686 5091; x_wconf 91' lang='lat' dir='ltr'>quod</span> <span class='ocrx_word' id='word_1_239' title='bbox 703 5017 841 5074; x_wconf 84' lang='lat' dir='ltr'>dextrum</span> <span class='ocrx_word' id='word_1_240' title='bbox 857 5016 935 5073; x_wconf 89' lang='lat' dir='ltr'>latus</span> <span class='ocrx_word' id='word_1_241' title='bbox 952 5015 992 5073; x_wconf 95' lang='lat' dir='ltr'>ibi</span> <span class='ocrx_word' id='word_1_242' title='bbox 1009 5016 1154 5074; x_wconf 86' lang='lat' dir='ltr'>omissum</span> <span class='ocrx_word' id='word_1_243' title='bbox 1170 5013 1229 5088; x_wconf 89' lang='lat' dir='ltr'>est)</span> <span class='ocrx_word' id='word_1_244' title='bbox 1250 5035 1278 5072; x_wconf 91' lang='lat' dir='ltr'>n.</span> <span class='ocrx_word' id='word_1_245' title='bbox 1292 5013 1407 5084; x_wconf 88' lang='grc'><strong>23855,</strong></span> 
     </span>
     <span class='ocr_line' id='line_1_34' title="bbox 87 5115 1409 5194; baseline 0.001 -23"><span class='ocrx_word' id='word_1_246' title='bbox 87 5115 129 5174; x_wconf 86' lang='grc'><strong>13.</strong></span> <span class='ocrx_word' id='word_1_247' title='bbox 147 5119 172 5176; x_wconf 95' lang='grc'>1.</span> <span class='ocrx_word' id='word_1_248' title='bbox 190 5117 217 5176; x_wconf 89' lang='lat'>6.</span> <span class='ocrx_word' id='word_1_249' title='bbox 235 5115 284 5175; x_wconf 89' lang='grc'><strong>20.</strong></span> <span class='ocrx_word' id='word_1_250' title='bbox 303 5117 318 5174; x_wconf 87' lang='grc'><strong>7</strong></span> <span class='ocrx_word' id='word_1_251' title='bbox 342 5137 408 5176; x_wconf 90' lang='lat' dir='ltr'>cum</span> <span class='ocrx_word' id='word_1_252' title='bbox 424 5118 491 5176; x_wconf 89' lang='lat' dir='ltr'>add.</span> <span class='ocrx_word' id='word_1_253' title='bbox 514 5138 542 5194; x_wconf 91' lang='lat' dir='ltr'>p.</span> <span class='ocrx_word' id='word_1_254' title='bbox 560 5117 630 5177; x_wconf 83' lang='lat'><strong>868.</strong></span> <span class='ocrx_word' id='word_1_255' title='bbox 675 5117 759 5192; x_wconf 84' lang='lat' dir='ltr'>Quae</span> <span class='ocrx_word' id='word_1_256' title='bbox 781 5119 949 5194; x_wconf 87' lang='lat' dir='ltr'>fragmenta</span> <span class='ocrx_word' id='word_1_257' title='bbox 971 5136 1049 5175; x_wconf 91' lang='lat' dir='ltr'>nune</span> <span class='ocrx_word' id='word_1_258' title='bbox 1071 5117 1131 5174; x_wconf 88' lang='lat' dir='ltr'>alia</span> <span class='ocrx_word' id='word_1_259' title='bbox 1152 5125 1309 5174; x_wconf 86' lang='lat' dir='ltr'>servantur</span> <span class='ocrx_word' id='word_1_260' title='bbox 1330 5116 1409 5172; x_wconf 90' lang='lat' dir='ltr'>inter</span> 
     </span>
     <span class='ocr_line' id='line_1_35' title="bbox 84 5216 1407 5296; baseline 0.002 -24"><span class='ocrx_word' id='word_1_261' title='bbox 84 5221 210 5293; x_wconf 89' lang='lat' dir='ltr'>reposita</span> <span class='ocrx_word' id='word_1_262' title='bbox 232 5220 373 5278; x_wconf 86' lang='lat' dir='ltr'>tabularii</span> <span class='ocrx_word' id='word_1_263' title='bbox 396 5219 437 5294; x_wconf 93' lang='lat' dir='ltr'>(n.</span> <span class='ocrx_word' id='word_1_264' title='bbox 456 5219 574 5292; x_wconf 88' lang='grc'><strong>23855,</strong></span> <span class='ocrx_word' id='word_1_265' title='bbox 597 5219 808 5278; x_wconf 77' lang='lat'>17.13.20.7</span> <span class='ocrx_word' id='word_1_266' title='bbox 833 5239 899 5278; x_wconf 89' lang='lat' dir='ltr'>cnm</span> <span class='ocrx_word' id='word_1_267' title='bbox 922 5220 1000 5291; x_wconf 75' lang='lat' dir='ltr'>add,</span> <span class='ocrx_word' id='word_1_268' title='bbox 1022 5218 1181 5296; x_wconf 90' lang='lat' dir='ltr'>fragmenti</span> <span class='ocrx_word' id='word_1_269' title='bbox 1205 5236 1231 5272; x_wconf 92' lang='lat' dir='ltr'>n.</span> <span class='ocrx_word' id='word_1_270' title='bbox 1250 5216 1366 5288; x_wconf 86' lang='grc'><strong>23855,</strong></span> <span class='ocrx_word' id='word_1_271' title='bbox 1389 5217 1407 5274; x_wconf 92' lang='grc'><strong>6</strong></span> 
     </span>
     <span class='ocr_line' id='line_1_36' title="bbox 85 5319 1408 5399; baseline 0.001 -24"><span class='ocrx_word' id='word_1_272' title='bbox 85 5335 149 5392; x_wconf 87' lang='lat' dir='ltr'>pars</span> <span class='ocrx_word' id='word_1_273' title='bbox 170 5321 317 5399; x_wconf 89' lang='lat' dir='ltr'>superior,</span> <span class='ocrx_word' id='word_1_274' title='bbox 339 5341 367 5379; x_wconf 93' lang='lat' dir='ltr'>n.</span> <span class='ocrx_word' id='word_1_275' title='bbox 385 5321 516 5398; x_wconf 73' lang='lat' dir='ltr'>aseae),</span> <span class='ocrx_word' id='word_1_276' title='bbox 539 5321 599 5378; x_wconf 85' lang='lat' dir='ltr'>alia</span> <span class='ocrx_word' id='word_1_277' title='bbox 620 5322 650 5378; x_wconf 92' lang='lat' dir='ltr'>in</span> <span class='ocrx_word' id='word_1_278' title='bbox 674 5321 797 5380; x_wconf 88' lang='lat' dir='ltr'>aedibus</span> <span class='ocrx_word' id='word_1_279' title='bbox 820 5329 1064 5380; x_wconf 86' lang='lat' dir='ltr'>conservatorum</span> <span class='ocrx_word' id='word_1_280' title='bbox 1086 5319 1179 5378; x_wconf 86' lang='lat' dir='ltr'>affixa</span> <span class='ocrx_word' id='word_1_281' title='bbox 1201 5327 1271 5378; x_wconf 90' lang='lat' dir='ltr'>sunt</span> <span class='ocrx_word' id='word_1_282' title='bbox 1290 5319 1408 5396; x_wconf 86' lang='lat' dir='ltr'>parieti,</span> 
     </span>
    </p>
   </div>
   <div class='ocr_carea' id='block_1_9' title="bbox 0 0 1700 5970">
    <p class='ocr_par' dir='ltr' id='par_1_11' title="bbox 0 0 1700 5970">
     <span class='ocr_line' id='line_1_37' title="bbox 0 0 1700 5970; baseline 0 0"><span class='ocrx_word' id='word_1_283' title='bbox 0 0 1700 5970; x_wconf 95' lang='lat' dir='ltr'> </span> 
     </span>
    </p>
   </div>
  </div>
 </body>
</html>
