3530 5972
362 653 545 708 nounsun
567 654 870 708 ousanvarroans
887 653 1171 708 amensamens.
1355 638 1427 712 517

98 830 287 891 Oetodarum
314 830 402 888 vallis
423 829 577 890 Poeninae
603 829 744 908 oppidum
772 847 839 888 esse
866 829 1055 890 notissimum
1080 829 1167 888 lectio
1189 829 1348 890 reformata
1370 843 1430 890 sta·

96 933 214 1006 bilivit,
241 951 296 994 nea
322 933 480 1010 quisquam
506 932 613 1009 opinor
638 931 806 1011 Zippelium
832 931 933 994 audiet
957 931 1149 992 conicientem
1176 932 1304 992 alterum
1328 935 1430 994 neseio

97 1035 179 1112 quod
203 1034 336 1096 eiusdem
351 1034 481 1094 nominis
503 1035 646 1114 oppidum
669 1035 779 1094 alieubi
801 1034 831 1094 iu
845 1033 954 1094 Raetia
969 1052 1036 1094 esse
1051 1034 1194 1112 potarissa
1208 1067 1246 1080 ·-
1263 1033 1430 1097 Confirma-

97 1147 146 1198 tur
167 1139 226 1210 ita,
253 1137 333 1214 quod
358 1137 427 1196 item
454 1137 527 1197 olim
548 1137 676 1209 conieci,
703 1155 759 1213 pro
780 1122 921 1212 Odmm1)
943 1138 1147 1216 reponendum
1174 1155 1242 1198 esse
1263 1126 1431 1202 Ουίουισκοο

96 1249 203 1300 uotum
230 1257 272 1298 ex
297 1239 474 1312 itinerariis,
506 1239 595 1300 hodie
617 1239 729 1316 Vevey.
763 1275 801 1286 —
836 1240 1006 1299 Ebodurum
1036 1259 1103 1299 eum
1128 1241 1245 1318 legatur
1271 1243 1431 1318 interposi·

97 1349 159 1404 tum
183 1341 262 1401 inter
279 1341 465 1402 Octodurum
486 1349 516 1401 et
530 1342 695 1414 Vivisaum,
716 1341 917 1419 quaerendum
938 1359 1008 1402 esse
1029 1352 1154 1420 apparet
1176 1344 1214 1402 ad
1235 1351 1325 1420 eaput
1346 1345 1430 1404 lacus

97 1442 258 1504 Lemauni.
293 1446 337 1504 At
357 1444 467 1521 pendet
488 1445 627 1521 quaestio
648 1445 722 1504 haee
743 1445 780 1504 de
802 1445 869 1504 loeo
891 1443 1026 1504 Notitiae
1048 1444 1235 1522 Dignitatum
1256 1446 1429 1508 Occidentis

97 1565 122 1606 e.
139 1546 193 1619 42,
213 1547 250 1605 15
272 1546 370 1606 adhue
391 1565 498 1624 parum
519 1557 599 1607 reete
621 1555 758 1618 uectem,
784 1547 832 1606 ubi
854 1565 920 1608 eum
942 1548 1109 1606 nominetur
1133 1550 1298 1624 praesentas
1326 1551 1430 1610 clausis

98 1651 300 1710 bawariorum
320 1649 484 1710 abradam
498 1649 675 1726 Sapaadius,
696 1650 724 1710 is
746 1649 796 1708 ubi
818 1650 918 1710 sedem
939 1649 1080 1710 habuerit
1099 1651 1348 1710 considerandum
1373 1661 1428 1712 est.

97 1754 323 1812 Enumerantur
344 1752 387 1810 ibi
408 1753 632 1830 praepositurae
652 1752 784 1829 quinqua
805 1753 985 1812 constitutae
1007 1751 1152 1826 Viennae,
1179 1753 1311 1828 Arelate,
1333 1754 1429 1814 Ebru-

97 1857 171 1916 duni
195 1851 377 1932 sapaudiae,
402 1855 557 1914 Massiliae
580 1853 778 1927 Graecorum,
805 1853 974 1931 Sapaudiae
996 1853 1166 1916 Cularonae
1187 1857 1243 1916 sub
1264 1858 1431 1934 praeserip-

98 1961 191 2031 tione,
215 1967 249 2018 ut
269 1965 315 2017 est
333 1959 363 2016 in
382 1957 478 2030 libris,
500 1961 531 2016 in
548 1961 703 2035 provincia
721 1957 823 2016 Gallia
836 1961 991 2034 riparensi.
1029 1954 1115 2031 Quae
1136 1959 1226 2018 verba
1243 1977 1310 2018 eum
1329 1969 1431 2038 aperte

98 2070 243 2140 corrupta
265 2061 335 2132 siut,
357 2063 532 2137 riperensem
553 2079 607 2137 pro
626 2062 774 2136 riparensi
794 2059 846 2136 qui
867 2059 1061 2119 restituerunt
1081 2060 1112 2118 id
1133 2061 1327 2120 coniectando
1349 2081 1431 2122 erea-

97 2171 221 2236 verunt‚
242 2161 322 2240 quod
343 2162 370 2220 si
391 2162 530 2222 traditum
553 2170 642 2234 esset,
663 2181 738 2220 erux
759 2161 951 2240 interpretum
968 2163 1060 2234 ioret3
1083 2181 1151 2222 uam
1172 2181 1238 2222 eum
1261 2163 1431 2224 distributio

98 2265 273 2326 Galliarum
295 2264 452 2324 notissima
473 2266 521 2336 sit,
543 2265 709 2342 riparensis
725 2262 828 2324 Gallia
849 2283 995 2342 nusquam
1017 2265 1104 2324 redit.
1140 2263 1327 2326 contratres
1342 2267 1430 2326 urbes

98 2369 201 2428 elatae
212 2367 328 2426 Vienna
342 2367 464 2426 Arelate
479 2367 615 2427 Massilia
635 2385 701 2426 aum
723 2385 827 2426 omnes
839 2365 1019 2428 Viennensis
1041 2368 1213 2442 provinciae
1231 2368 1292 2427 siut
1305 2385 1431 2446 sequan-

97 2481 209 2548 turque
231 2470 332 2529 statim
354 2469 444 2529 simili
465 2470 532 2530 loeo
554 2469 821 2548 Novempopulana
841 2469 1118 2546 Lugdunensesque
1145 2481 1175 2530 et
1199 2471 1294 2549 prima
1319 2479 1350 2530 et
1376 2469 1430 2532 Se·

97 2574 193 2634 nonis
222 2581 252 2631 et
281 2573 365 2632 locus
397 2573 517 2631 omuino
543 2572 656 2649 flagitet
677 2573 858 2632 mentionem
880 2581 940 2630 tam
963 2572 1108 2632 dioecesis
1131 2571 1177 2648 (id
1198 2574 1280 2650 quod
1302 2574 1431 2651 pervidit

98 2673 261 2751 Seeokius)
276 2693 365 2752 quam
379 2673 561 2752 provinciae,
575 2675 770 2752 praescriptio
782 2675 931 2751 quomodo
946 2675 1131 2734 emendanda
1142 2676 1191 2747 sit,
1207 2684 1293 2734 extra
1307 2675 1429 2734 dubium

97 2781 231 2858 positum
258 2785 315 2849 est,
342 2776 454 2836 scilieet
480 2777 667 2836 scribendum
694 2781 725 2834 in
753 2775 868 2836 Gallia:
894 2782 925 2836 in
946 2781 1098 2854 prouincia
1121 2777 1279 2837 Viennensi.
1323 2777 1430 2854 Itaque

98 2884 193 2942 etiam
215 2880 385 2956 Sapaudiue
407 2878 514 2938 Galam
534 2880 601 2938 siue
622 2879 713 2938 dubio
732 2876 839 2937 Cularo
861 2889 909 2938 est
927 2881 990 2940 sive
1007 2877 1234 2956 Gratianopolis
1249 2877 1430 2956 (Grenoble)

99 2986 176 3044 urbs
196 2993 227 3042 et
244 2983 313 3058 ipsa
323 2979 507 3040 Viennensis
521 2982 693 3058 provinciae
706 2980 815 3040 finibus
830 2983 1055 3060 comprehense,
1078 3001 1132 3042 aaa
1146 2982 1306 3060 quiequam
1321 2982 1429 3054 obstat,

99 3086 264 3164 quominus
279 3083 450 3161 Sapaudiae
473 3085 647 3144 vocabulum
670 3092 793 3142 aeterum
814 3084 1012 3161 porrigamus.
1043 3085 1212 3161 Postquam·
1225 3093 1368 3161 quattuor
1381 3105 1431 3144 ur-

100 3191 159 3250 bes
181 3188 413 3248 demonstratum
435 3196 482 3246 est
503 3187 540 3246 ad
556 3186 755 3246 Viennensem
777 3187 961 3264 prouinciam
984 3189 1141 3264 pertinere,
1166 3188 1245 3248 idem
1268 3188 1304 3246 de
1326 3186 1431 3263 quinto

100 3311 224 3370 quoque
242 3291 376 3350 obtineat
394 3307 514 3350 neeesse
530 3298 583 3348 est.
619 3289 812 3350 Ebrudunum
829 3291 920 3367 igitur
934 3291 993 3348 iam
1008 3290 1190 3367 intellegitur
1204 3307 1300 3366 neque
1315 3289 1432 3348 Eburo·

100 3397 215 3456 danum
242 3391 417 3468 Caturigum
434 3391 608 3468 (Embruu)
636 3409 705 3452 esse
731 3411 826 3470 neque
851 3391 1065 3454 Eburodunum
1087 3391 1293 3456 Helvetiorum
1319 3393 1431 3468 (Vner-

101 3495 195 3572 dun);
226 3495 299 3554 illud
325 3494 404 3552 enim
431 3494 462 3552 in
487 3494 642 3572 proviuaia
668 3495 789 3572 Alpium
817 3495 1031 3554 maritimarum
1060 3495 1130 3565 fuit,
1156 3496 1213 3553 hoa
1236 3495 1268 3560 in
1295 3494 1432 3554 Maxima

102 3599 322 3674 Sequanorum.
365 3597 491 3656 Aeeedit
517 3597 597 3673 quod
619 3593 790 3672 sapaudiae
814 3597 923 3656 tinibus
945 3605 1080 3656 neutrum
1102 3605 1182 3656 reete
1204 3597 1431 3674 comprehendi·

101 3697 199 3775 turi).
243 3698 314 3758 Alio
341 3716 459 3775 quoque
484 3700 604 3758 nomine
625 3698 822 3758 Ebrudunum
844 3697 979 3758 Notitiae
1005 3698 1182 3775 oppidorum
1205 3716 1307 3758 eorum
1333 3701 1431 3762 neutri

100 3811 282 3881 optumest,
305 3800 357 3860 sad
379 3802 475 3879 magis
497 3802 699 3878 quaerendum
720 3803 751 3860 iu
773 3802 839 3878 ripa
858 3801 940 3866 laeua
959 3799 1115 3862 Lemanni.
1150 3799 1301 3860 Nimirum
1322 3801 1430 3860 elassis

100 3905 189 3966 nullo
217 3905 306 3963 modo
337 3903 440 3964 referri
471 3913 570 3981 potest
599 3903 636 3963 ad
662 3903 897 3966 Ebruduuenses
923 3901 1083 3980 Caturiges
1110 3915 1140 3962 et
1165 3921 1271 3982 parum
1297 3913 1366 3981 apte
1391 3905 1431 3966 ad

101 4006 356 4071 Eborudunenses
376 4005 548 4078 Helvetium
576 4006 661 4066 laeus
687 4007 765 4066 euim
791 4007 818 4064 is
843 4006 891 4064 eui
915 4005 947 4064 hi
970 4005 1107 4065 adiacent
1131 4006 1259 4066 alassem
1284 4015 1429 4065 armatam

102 4129 166 4170 nou
191 4109 367 4186 requirebat.
414 4109 511 4170 Immo
538 4107 685 4168 eiusmodi
710 4109 817 4168 elassis
842 4128 880 4167 ea
905 4118 1002 4168 aetate
1022 4109 1054 4166 iu
1075 4109 1123 4167 his
1145 4109 1281 4185 partibus
1306 4108 1431 4185 eogitari

103 4211 188 4272 nulla
212 4217 314 4287 potest
339 4211 397 4270 nisi
425 4209 455 4268 in
483 4210 551 4272 laon
577 4209 743 4270 Lemanno.
790 4209 983 4272 Ebrudunum
1013 4210 1106 4288 igitur
1134 4229 1201 4270 eum
1228 4210 1319 4270 fuerit
1344 4217 1373 4268 et
1398 4211 1430 4272 in

182 4514 205 4579 ¹)
232 4515 310 4578 Quod
328 4517 354 4566 in
373 4531 425 4566 uuo
444 4515 511 4568 libro
529 4531 582 4566 non
602 4517 698 4582 optimo
712 4517 839 4568 Vatieauo
855 4516 906 4566 178
925 4517 1020 4582 legitur
1033 4505 1145 4574 Οὖισκος
1163 4517 1314 4568 auctoritate
1333 4522 1411 4568 caret.

180 4605 205 4670 ²)
231 4609 315 4660 Locos
339 4609 371 4658 de
396 4608 527 4674 Sapaudia
550 4615 748 4674 composuerunt
771 4609 943 4674 Boeekingius
968 4609 1001 4658 ad
1025 4609 1086 4659 Not.
1111 4607 1430 4676 Dign.Oeeid.p.1015
1467 4644 1469 4648 -

103 4715 214 4768 eumque
236 4707 337 4752 secutus
363 4700 478 4765 Biudiug
503 4698 648 4752 Gescbicbte
667 4700 710 4751 des
729 4698 1091 4767 herennium-romanarum
1108 4698 1277 4768 Kdniqreiulsa
1294 4719 1320 4767 p.
1335 4701 1359 4762 5,
1385 4701 1431 4752 aed

104 4794 221 4845 Notitiae
241 4793 298 4843 loeo
318 4807 409 4858 parum
428 4793 557 4843 intellecto
577 4794 676 4858 decepti
695 4801 762 4844 suut.
791 4793 842 4854 Qui
860 4793 957 4856 primus
977 4793 1124 4860 sapaudiae
1142 4795 1260 4846 meminit
1279 4795 1430 4844 Ammianus

104 4885 208 4946 15‚11:
229 4881 368 4935 Rhodanus
430 4883 527 4953 paludi
544 4901 596 4935 sesa
614 4887 755 4952 ingurgitat
772 4885 868 4934 nomine
880 4881 1016 4948 Lemanno,
1034 4885 1101 4936 ande
1113 4903 1164 4954 per
1178 4885 1336 4954 Sapaudiam
1354 4885 1431 4946 (liber

100 4993 229 5046 perpensa
240 4976 373 5044 pendium)
385 4976 473 5042 sertae
490 4984 515 5027 el
531 4973 661 5046 Sequanos
678 4977 798 5044 longeque
810 4993 965 5044 progressus
978 4976 1134 5029 Viennensem
1152 4979 1254 5028 sinistro
1269 4978 1428 5045 perstringit,

103 5069 193 5120 dextro
212 5065 413 5135 Lugdunensem,
440 5071 462 5120 si
481 5071 517 5119 ita
536 5071 650 5135 scripsit,
674 5053 741 5119 male
760 5070 873 5134 scripsit3
900 5071 1051 5122 crediderim
1074 5071 1162 5137 paullo
1181 5069 1257 5120 aliter
1275 5077 1351 5135 atquo
1368 5069 1430 5120 iecit

102 5161 224 5214 Valesius
248 5161 335 5214 locum
357 5163 500 5213 sanandum
524 5177 581 5212 ease
602 5161 737 5212 scribendo
757 5169 862 5229 praeter
880 5159 1038 5230 Sapaudiam
1056 5171 1082 5213 et
1099 5163 1150 5212 hoa
1168 5163 1306 5228 significari
1325 5161 1429 5212 Rhoda·

18 5309 33 5334 .
71 5323 79 5336 ¹
102 5271 167 5306 unm
185 5267 203 5304 a
222 5253 330 5305 Genava
352 5255 412 5305 iude
434 5255 512 5306 anem
535 5255 622 5306 faeere
645 5255 756 5320 primum
779 5255 847 5306 inter
869 5257 1026 5321 prouinciam
1046 5255 1189 5306 Maximam
1208 5255 1385 5320 Sequanorum
1404 5259 1431 5304 et

103 5345 273 5414 Sapaudiam,
293 5347 387 5398 deiude
405 5349 472 5398 inter
489 5347 704 5414 Lugudunensem
724 5353 750 5398 et
767 5349 940 5400 Viennensem
959 5348 1110 5418 provincias.
