3532 5964
527 611 663 664 nonem
683 613 864 666 runnnrou.
892 613 1019 665 unctu.
1388 596 1432 666 61

121 782 230 862 'grapho
261 805 288 842 v.
316 785 351 842 el.
380 785 504 844 Antonii
536 785 684 858 Verantii,
718 787 799 862 quod
832 805 924 863 penes
959 806 1004 845 co.
1035 786 1230 846 Francisoum
1264 787 1436 866 Draganich

121 883 244 948 ‘Sibenici
279 882 478 957 asservatur’;
514 891 543 946 in
577 887 710 964 margine
746 889 879 947 additur:
917 886 978 947 ‘ms
1013 908 1073 948 non
1109 898 1173 947 erat
1208 889 1271 948 sius
1307 885 1435 948 manns'.

118 989 149 1046 ln
170 990 221 1046 fine
243 989 338 1066 partis
365 989 474 1066 prioris
502 989 611 1065 legitur
635 987 777 1048 ‘Michael
800 991 959 1048 Wrancins
984 986 1084 1049 1532’:
1114 999 1280 1066 sequuntur
1307 992 1437 1050 disticha

116 1091 174 1149 dno.
203 1093 230 1148 A
246 1091 395 1148 Mezerzio
418 1091 540 1148 veniunt
560 1110 636 1167 quae
659 1093 688 1149 in
705 1091 851 1150 Fortiana
866 1092 984 1168 sylloge
1000 1111 1140 1151 numeros
1155 1093 1266 1152 habent
1281 1115 1309 1152 n.
1325 1095 1435 1153 1-85.

119 1191 283 1263 lot-1473
313 1211 382 1251 nam
409 1213 437 1252 n.
457 1192 514 1250 102
541 1194 571 1251 in
599 1194 701 1252 codice
720 1193 856 1253 Verantii
884 1195 1027 1272 scriptum
1055 1195 1147 1254 fuisse
1172 1205 1243 1272 post
1264 1217 1292 1254 n.
1310 1197 1349 1256 85
1371 1197 1436 1274 ipse

118 1293 204 1352 Fortis
225 1295 273 1353 ait.
316 1294 499 1372 Exemplum
521 1295 578 1354 hoc
599 1295 736 1373 proxime
764 1297 876 1355 accedit
897 1297 935 1354 ad
958 1297 1102 1372 optimum
1120 1295 1313 1369 Vaticanum,
1339 1298 1368 1356 in
1389 1299 1434 1356 lo-

115 1415 203 1454 corum
227 1397 407 1456 indicatione
435 1397 473 1456 ad
499 1398 621 1455 verbum
646 1399 708 1456 sere
730 1417 796 1457 cum
819 1419 855 1456 eo
879 1399 1080 1468 consentiens,
1108 1399 1256 1475 habetque
1278 1408 1435 1475 praeterea

115 1517 145 1555 ea
166 1516 275 1574 quoqne
298 1517 375 1575 quae
399 1501 430 1557 in
445 1500 592 1559 Vaticano
615 1500 764 1574 deliciunt,
789 1511 822 1559 ut
843 1501 1035 1559 confirmetur
1057 1501 1126 1558 inde
1147 1503 1228 1576 quod
1250 1501 1322 1559 olim
1345 1503 1434 1577 posui

115 1601 302 1658 Mezerzianae
334 1601 470 1678 syllogae
501 1603 636 1662 codicem
659 1601 874 1662 Versntianum
906 1603 1101 1680 archetypum
1130 1601 1222 1662 fuisse
1251 1603 1434 1679 reliquorum

116 1703 237 1761 omnium.
282 1700 344 1761 Sed
364 1715 463 1762 tamen
486 1723 547 1762 non
569 1705 662 1763 multa
684 1725 723 1764 ex
745 1725 780 1764 eo
803 1724 882 1763 nova
903 1705 1057 1776 accedunt,
1080 1705 1111 1763 in
1131 1705 1178 1762 his
1201 1704 1372 1782 adscriptus
1395 1705 1434 1763 ad

115 1823 139 1861 u.
155 1805 223 1864 1395
246 1805 310 1864 dies
333 1805 350 1861 'l
374 1803 456 1882 Sept.
477 1807 570 1878 1495,
598 1807 676 1865 unde
705 1807 887 1884 intellegitur
912 1807 971 1866 iam
1000 1813 1062 1865 tum
1089 1807 1268 1866 Mezerzium
1296 1807 1432 1884 syllogen

115 1906 265 1964 incohatam
293 1908 443 1967 habuisse.
487 1909 612 1966 Variam
641 1909 798 1967 lectionem
821 1913 926 1986 paucis
949 1909 1024 1968 locis
1046 1909 1174 1968 enotavi.
1218 1909 1305 1969 Unus
1327 1909 1431 1968 titulus

115 2027 137 2064 n.
150 2009 209 2080 133,
231 2009 318 2068 nobis
340 2010 420 2068 infra
442 2030 471 2068 n.
488 2009 557 2080 162,
578 2010 676 2069 adhuc
698 2012 817 2087 ignotus
840 2020 895 2084 est,
919 2011 978 2068 nisi
999 2011 1026 2070 is
1049 2029 1169 2087 quoque
1184 2012 1281 2090 magis
1303 2013 1432 2089 pertinet

115 2109 145 2166 ad
163 2111 360 2170 additamenta
373 2112 566 2171 Verantiana.

148 2211 171 2268 2.
211 2213 294 2287 Quae
324 2215 355 2272 in
383 2215 487 2272 eadem
515 2215 631 2290 sylloge
659 2226 825 2291 sequuntur
855 2215 912 2273 sub
940 2215 1071 2274 numeris
1098 2213 1280 2287 148-172,
1309 2235 1345 2275 es
1371 2236 1431 2278 non

113 2313 234 2373 liezerzii
259 2333 327 2375 esse
353 2335 420 2374 cum
446 2337 486 2376 ex
511 2316 637 2393 reliquis
664 2317 810 2392 exemplis
837 2317 1033 2376 Mezerzianis
1061 2317 1244 2394 intellegitur
1269 2325 1333 2376 tum
1361 2319 1430 2378 inde

113 2419 180 2491 quod
201 2419 248 2476 hic
273 2418 310 2476 de
338 2437 371 2477 se
397 2419 544 2477 interdum
570 2419 703 2494 loquitur
721 2418 922 2491 Veientanae,
952 2428 984 2477 ut
1011 2420 1049 2477 ad
1076 2419 1181 2479 (1.156
1209 2420 1345 2479 adnotat:
1374 2417 1430 2480 ‘me

114 2519 214 2578 ridente
228 2515 361 2579 erntnm'.
405 2519 489 2578 Haec
509 2521 602 2597 igitur
623 2520 717 2598 ipsius
735 2519 869 2580 Verantii
886 2529 956 2579 sunt
977 2522 1129 2597 adscripta
1150 2523 1187 2580 ab
1210 2541 1245 2579 eo
1269 2521 1376 2598 opinor
1391 2523 1430 2580 ad

112 2622 225 2680 codicem
252 2641 342 2698 quem
369 2622 500 2682 habebat
526 2623 794 2694 Mezerzianorum‚
822 2631 855 2681 ut
882 2623 964 2682 nulla
989 2623 1048 2682 nisi
1073 2622 1189 2682 Dacica
1214 2624 1430 2700 epigrammata

112 2722 137 2779 in
159 2742 219 2782 enm
244 2725 356 2783 librum
377 2724 508 2783 referret.
554 2724 689 2782 Verantii
713 2725 801 2783 etiam
825 2733 893 2783 sunt
914 2725 976 2783 fere
1000 2725 1129 2801 quaein
1152 2725 1269 2802 sylloge
1291 2726 1430 2802 leguntur

111 2826 156 2883 snb
175 2825 371 2898 uss-101,
394 2827 500 2902 quibus
525 2827 740 2902 praescribitur
760 2824 867 2902 'ipsius
883 2821 1041 2900 Verantii’,
1069 2835 1099 2885 et
1120 2824 1340 2900 (1.173-213,
1363 2829 1428 2904 qui-

110 2925 155 2984 bus
177 2929 353 3004 inscriptum
381 2939 427 2988 est
450 2925 674 3006 ‘inscriptiones
700 2939 815 2987 veteres
842 2929 1009 3004 descriptae
1030 2948 1068 2986 ex
1091 2929 1208 2986 schedis
1231 2929 1427 3005 originalibus

110 3031 217 3088 Antonii
231 3026 390 3101 Verantii’3
412 3031 487 3090 haec
508 3039 606 3090 autem
629 3049 687 3089 non
710 3050 749 3089 ex
770 3031 871 3089 codice
892 3031 946 3088 illo
969 3041 1089 3108 sumpta
1111 3040 1188 3102 sunt,
1212 3030 1265 3090 sed
1285 3050 1324 3090 ex
1343 3032 1427 3090 sche-

108 3130 283 3201 dissolutis,
312 3151 438 3210 quarum
465 3132 539 3192 adeo
567 3133 728 3208 pleraeque
755 3133 841 3210 ipsae
866 3122 930 3191 una
956 3152 1023 3192 cum
1050 3133 1199 3208 exemplis
1226 3133 1288 3191 illis
1314 3133 1353 3191 ad
1380 3153 1427 3192 me
1527 3199 1528 3202 Ἴ

107 3235 288 3292 transmissae
315 3243 394 3293 sunt.
438 3234 522 3294 Haeo
549 3234 769 3294 schediasmate
795 3253 861 3293 cum
889 3235 1008 3293 nomine
1022 3234 1158 3293 Verantii
1186 3235 1372 3311 praescripto
1398 3247 1427 3294 et

106 3334 161 3410 ipsa
180 3355 217 3394 ex
238 3345 324 3413 parte
346 3337 459 3396 maiore
481 3335 597 3395 Dacica
618 3337 780 3407 continent,
802 3337 933 3395 maxime
955 3335 1123 3413 Apulensia
1144 3334 1245 3410 (adest
1266 3337 1425 3398 fascienlus

105 3437 243 3496 titulorum
270 3456 307 3496 eo
333 3447 467 3514 tempore
489 3437 706 3496 Albaeluliae
727 3439 758 3497 in
781 3439 851 3496 aula
871 3439 1016 3516 principis
1039 3439 1266 3498 adservatorum
1288 3441 1426 3516 exempla

105 3538 248 3616 diligenter
268 3539 349 3598 faeta
371 3541 541 3610 continens,
568 3541 638 3598 item
661 3540 737 3598 alter
759 3559 818 3616 quo
841 3542 1031 3599 continentur
1052 3541 1268 3617 epigrammata
1289 3541 1427 3619 dispersa

105 3659 149 3714 per
168 3642 278 3719 oppida
299 3641 359 3700 duo
379 3642 488 3701 Albam
511 3653 541 3700 et
560 3641 795 3719 Klausenburg),
819 3650 847 3700 et
869 3642 983 3718 aliquot
1005 3643 1221 3719 epigrammata
1242 3653 1302 3700 tam
1325 3643 1355 3702 in
1377 3643 1424 3703 his

105 3744 278 3820 reperiuntur
300 3761 390 3820 quam
411 3745 443 3802 in
465 3744 580 3820 sylloge
596 3743 802 3803 Mezerzianae
824 3743 983 3802 subiuncta
1004 3744 1148 3820 exemplis
1171 3761 1261 3820 saepe
1282 3744 1423 3817 diversis3

105 3844 147 3902 ssd
165 3847 267 3905 insunt
287 3854 444 3922 praeterea
464 3846 554 3904 etiam
576 3845 765 3918 Pannonica,
793 3845 907 3904 scilicet
929 3843 1127 3906 Scarbantina
1148 3846 1295 3922 quaedam
1317 3853 1347 3904 et
1369 3844 1424 3906 Sa·

104 3947 247 4007 variensia.
289 3945 425 4024 Utraque
438 3947 572 4007 Versntii
595 3947 776 4007 collectanea
797 3947 867 4006 licet
887 3967 992 4025 parum
1014 3947 1152 4006 ordinata
1173 3947 1335 4006 utilissima
1356 3957 1425 4007 sunt

105 4067 148 4107 nec
167 4067 277 4126 pancos
299 4049 404 4109 titulos
426 4059 477 4108 aut
498 4051 616 4126 egregie
637 4050 834 4109 emendarunt
855 4058 906 4108 aut
927 4049 993 4107 sola
1015 4059 1222 4122 servaverunt,
1247 4067 1323 4125 quos
1345 4050 1424 4109 infra

105 4151 321 4226 composuimus.
363 4145 461 4225 ¹Quod
494 4151 532 4209 ad
562 4162 677 4228 tempus
708 4153 828 4225 attinet,
864 4151 938 4209 vixit
966 4150 1126 4210 Verantius
1157 4152 1194 4209 ab
1224 4171 1250 4209 a.
1276 4152 1355 4211 1504
1384 4153 1423 4210 ad

106 4269 126 4308 a
141 4253 212 4312 1513
236 4253 310 4330 (vol.
326 4253 375 4310 III
398 4273 427 4329 p.
447 4252 528 4328 154).
573 4254 609 4311 In
637 4254 755 4313 schedis
777 4257 847 4312 anni
869 4253 943 4312 nulli
967 4253 1099 4311 adnotati
1123 4263 1193 4312 sunt
1213 4263 1422 4330 praeterquam

107 4357 171 4427 quod
196 4357 226 4413 in
252 4355 341 4428 folio,
368 4355 398 4412 in
427 4373 487 4430 qno
509 4355 618 4433 legitur
639 4355 718 4414 falsa
740 4355 787 4413 Ill
809 4377 837 4413 n.
855 4353 912 4412 22*
935 4355 1015 4413 edita
1036 4356 1165 4432 primum
1188 4374 1215 4413 a.
1234 4355 1323 4426 1547,
1351 4355 1421 4413 item

106 4458 229 4534 scriptum
256 4467 304 4516 est
328 4475 418 4515 manu
436 4453 648 4516 verantti:·5.
664 4457 711 4514 die
734 4455 918 4534 Septembris
945 4456 1023 4516 1545
1051 4456 1178 4515 discessi
1202 4454 1347 4516 Sebenieo
1363 4455 1422 4514 Ve-

104 4559 183 4618 netias
203 4579 269 4618 cum
292 4559 394 4636 pueris
416 4559 512 4618 tribus
519 4580 527 4631 3
551 4558 599 4616 20.
622 4559 743 4634 perveni
759 4553 920 4617 Venetias’.
963 4558 1011 4616 De
1033 4559 1139 4617 itinere
1161 4559 1226 4616 eius
1250 4557 1337 4616 Buda
1359 4557 1420 4615 Ha-

104 4659 281 4739 drianopolim
309 4680 337 4719 a.
356 4661 448 4732 1553,
476 4662 561 4720 euius
588 4662 806 4720 enarrationem
832 4661 924 4719 edidit
949 4659 1066 4733 Fortis,
1095 4659 1165 4719 alibi
1192 4659 1255 4718 dixi
1283 4659 1354 4734 (vol.
1371 4659 1421 4717 ΙΙΙ

103 4762 173 4835 ut).

135 4863 156 4920 3.
196 4866 348 4924 Marnlina
379 4883 498 4941 quoque
525 4865 628 4923 Fortis
661 4865 689 4922 ei
722 4866 773 4940 qui
801 4865 909 4924 librum
938 4867 1059 4942 scripsit
1088 4863 1285 4924 describenda
1313 4863 1421 4922 obtulit

101 4972 222 5041 extatque
248 4985 351 5026 eorum
379 4968 508 5042 epitome
533 4967 707 5043 imperfecta
734 4967 811 5025 inter
833 4967 960 5025 schedas
984 4967 1056 5024 mihi
1079 4969 1199 5026 missas.
1242 4965 1317 5023 Eam
1341 4966 1419 5023 utili-

101 5070 175 5124 tatem
207 5088 265 5128 non
300 5069 411 5128 habere
445 5069 629 5145 intellegitur
663 5089 700 5126 ex
737 5069 774 5126 iis
807 5087 886 5143 quse
920 5069 977 5126 vol.
1000 5069 1044 5126 lll
1078 5090 1107 5146 p.
1135 5069 1195 5126 214
1228 5067 1264 5125 de
1301 5067 1418 5125 Marulo

99 5183 213 5242 exposui.
