<?xml version="1.0" encoding="UTF-8"?>
<!DOCTYPE html PUBLIC "-//W3C//DTD XHTML 1.0 Transitional//EN"
    "http://www.w3.org/TR/xhtml1/DTD/xhtml1-transitional.dtd">
<html xmlns="http://www.w3.org/1999/xhtml" xml:lang="en" lang="en">
 <head>
  <title>
</title>
<meta http-equiv="Content-Type" content="text/html;charset=utf-8" />
  <meta name='ocr-system' content='tesseract 3.04.00' />
  <meta name='ocr-capabilities' content='ocr_page ocr_carea ocr_par ocr_line ocrx_word'/>
</head>
<body>
  <div class='ocr_page' id='page_1' title='image "./ephemerisepigra10instgoog_0531.png"; bbox 0 0 3530 5972; ppageno 0'>
   <div class='ocr_carea' id='block_1_1' title="bbox 364 605 1113 684">
    <p class='ocr_par' dir='ltr' id='par_1_1' title="bbox 364 605 1113 684">
     <span class='ocr_line' id='line_1_1' title="bbox 364 605 1113 684; baseline 0.005 -6"><span class='ocrx_word' id='word_1_1' title='bbox 364 605 438 682; x_wconf 74' lang='lat'><strong>520</strong></span> <span class='ocrx_word' id='word_1_2' title='bbox 931 629 1113 684; x_wconf 67' lang='lat' dir='ltr'><strong>neamus</strong></span> 
     </span>
    </p>
   </div>
   <div class='ocr_carea' id='block_1_2' title="bbox 338 801 1737 3830">
    <p class='ocr_par' dir='ltr' id='par_1_2' title="bbox 361 801 1672 1189">
     <span class='ocr_line' id='line_1_2' title="bbox 361 801 1671 880; baseline -0.002 -16"><span class='ocrx_word' id='word_1_3' title='bbox 361 805 472 864; x_wconf 77' lang='lat' dir='ltr'><strong>donem</strong></span> <span class='ocrx_word' id='word_1_4' title='bbox 494 801 619 862; x_wconf 86' lang='lat' dir='ltr'><strong>duorum</strong></span> <span class='ocrx_word' id='word_1_5' title='bbox 639 803 849 880; x_wconf 81' lang='lat' dir='ltr'><strong>Augustorum.</strong></span> <span class='ocrx_word' id='word_1_6' title='bbox 866 821 927 864; x_wconf 91' lang='lat' dir='ltr'><strong>non</strong></span> <span class='ocrx_word' id='word_1_7' title='bbox 948 811 1016 862; x_wconf 84' lang='lat' dir='ltr'><strong>ante</strong></span> <span class='ocrx_word' id='word_1_8' title='bbox 1037 803 1124 864; x_wconf 91' lang='lat' dir='ltr'><strong>divos</strong></span> <span class='ocrx_word' id='word_1_9' title='bbox 1145 803 1254 864; x_wconf 84' lang='lat' dir='ltr'><strong>tratres</strong></span> <span class='ocrx_word' id='word_1_10' title='bbox 1275 803 1405 878; x_wconf 90' lang='lat' dir='ltr'><strong>scriptas</strong></span> <span class='ocrx_word' id='word_1_11' title='bbox 1427 820 1493 862; x_wconf 89' lang='lat' dir='ltr'><strong>esse</strong></span> <span class='ocrx_word' id='word_1_12' title='bbox 1515 809 1622 878; x_wconf 79' lang='lat' dir='ltr'><strong>potest,</strong></span> <span class='ocrx_word' id='word_1_13' title='bbox 1641 804 1671 862; x_wconf 88' lang='lat' dir='ltr'><strong>de</strong></span> 
     </span>
     <span class='ocr_line' id='line_1_3' title="bbox 361 904 1672 984; baseline -0.002 -18"><span class='ocrx_word' id='word_1_14' title='bbox 361 907 467 966; x_wconf 89' lang='lat' dir='ltr'><strong>horum</strong></span> <span class='ocrx_word' id='word_1_15' title='bbox 489 913 587 966; x_wconf 83' lang='lat' dir='ltr'><strong>aetate</strong></span> <span class='ocrx_word' id='word_1_16' title='bbox 607 905 771 966; x_wconf 82' lang='lat' dir='ltr'><strong>confirmat.</strong></span> <span class='ocrx_word' id='word_1_17' title='bbox 814 905 1030 966; x_wconf 89' lang='lat' dir='ltr'><strong>Demonstrant</strong></span> <span class='ocrx_word' id='word_1_18' title='bbox 1049 907 1142 984; x_wconf 90' lang='lat' dir='ltr'><strong>igitur</strong></span> <span class='ocrx_word' id='word_1_19' title='bbox 1162 906 1241 966; x_wconf 90' lang='lat' dir='ltr'><strong>tituli</strong></span> <span class='ocrx_word' id='word_1_20' title='bbox 1261 906 1427 982; x_wconf 89' lang='lat' dir='ltr'><strong>idipsum,</strong></span> <span class='ocrx_word' id='word_1_21' title='bbox 1454 904 1538 981; x_wconf 92' lang='lat' dir='ltr'><strong>quod</strong></span> <span class='ocrx_word' id='word_1_22' title='bbox 1558 924 1597 964; x_wconf 86' lang='lat' dir='ltr'><strong>ex</strong></span> <span class='ocrx_word' id='word_1_23' title='bbox 1614 905 1672 964; x_wconf 78' lang='lat' dir='ltr'><strong>Pa</strong></span> 
     </span>
     <span class='ocr_line' id='line_1_4' title="bbox 361 1006 1671 1086; baseline -0.002 -16"><span class='ocrx_word' id='word_1_24' title='bbox 361 1009 477 1070; x_wconf 82' lang='lat' dir='ltr'><strong>lemaen</strong></span> <span class='ocrx_word' id='word_1_25' title='bbox 498 1007 690 1086; x_wconf 75' lang='lat' dir='ltr'><strong>collegimus,</strong></span> <span class='ocrx_word' id='word_1_26' title='bbox 715 1010 754 1067; x_wconf 88' lang='lat' dir='ltr'><strong>ab</strong></span> <span class='ocrx_word' id='word_1_27' title='bbox 775 1009 913 1084; x_wconf 86' lang='lat' dir='ltr'><strong>Augusto</strong></span> <span class='ocrx_word' id='word_1_28' title='bbox 938 1007 1008 1068; x_wconf 89' lang='lat' dir='ltr'><strong>inde</strong></span> <span class='ocrx_word' id='word_1_29' title='bbox 1034 1017 1114 1068; x_wconf 88' lang='lat' dir='ltr'><strong>certe</strong></span> <span class='ocrx_word' id='word_1_30' title='bbox 1139 1008 1189 1068; x_wconf 60' lang='lat' dir='ltr'><strong>ad*</strong></span> <span class='ocrx_word' id='word_1_31' title='bbox 1206 1025 1331 1086; x_wconf 87' lang='lat' dir='ltr'><strong>vergens</strong></span> <span class='ocrx_word' id='word_1_32' title='bbox 1352 1006 1505 1068; x_wconf 86' lang='lat' dir='ltr'><strong>saeculnm</strong></span> <span class='ocrx_word' id='word_1_33' title='bbox 1526 1009 1671 1068; x_wconf 87' lang='lat' dir='ltr'><strong>secundum</strong></span> 
     </span>
     <span class='ocr_line' id='line_1_5' title="bbox 361 1109 1179 1189; baseline -0.002 -17"><span class='ocrx_word' id='word_1_34' title='bbox 361 1111 471 1180; x_wconf 85' lang='lat' dir='ltr'><strong>¹vallem</strong></span> <span class='ocrx_word' id='word_1_35' title='bbox 493 1109 657 1171; x_wconf 89' lang='lat' dir='ltr'><strong>Poeninam</strong></span> <span class='ocrx_word' id='word_1_36' title='bbox 680 1111 865 1188; x_wconf 78' lang='lat' dir='ltr'><strong>procuratori</strong></span> <span class='ocrx_word' id='word_1_37' title='bbox 886 1110 1010 1170; x_wconf 85' lang='lat' dir='ltr'><strong>Raetiae</strong></span> <span class='ocrx_word' id='word_1_38' title='bbox 1031 1110 1179 1189; x_wconf 88' lang='lat' dir='ltr'><strong>paruisse.</strong></span> 
     </span>
    </p>

    <p class='ocr_par' dir='ltr' id='par_1_3' title="bbox 444 1211 1671 1292">
     <span class='ocr_line' id='line_1_6' title="bbox 444 1211 1671 1292; baseline -0.001 -20"><span class='ocrx_word' id='word_1_39' title='bbox 444 1211 511 1272; x_wconf 86' lang='lat' dir='ltr'><strong>Hoc</strong></span> <span class='ocrx_word' id='word_1_40' title='bbox 533 1231 592 1272; x_wconf 89' lang='lat' dir='ltr'><strong>non</strong></span> <span class='ocrx_word' id='word_1_41' title='bbox 613 1231 756 1292; x_wconf 78' lang='lat' dir='ltr'><strong>negamus</strong></span> <span class='ocrx_word' id='word_1_42' title='bbox 773 1215 894 1272; x_wconf 89' lang='lat' dir='ltr'><strong>testium</strong></span> <span class='ocrx_word' id='word_1_43' title='bbox 917 1221 1132 1292; x_wconf 91' lang='lat' dir='ltr'><strong>contemptum,</strong></span> <span class='ocrx_word' id='word_1_44' title='bbox 1153 1213 1239 1272; x_wconf 89' lang='lat' dir='ltr'><strong>cuius</strong></span> <span class='ocrx_word' id='word_1_45' title='bbox 1252 1213 1422 1291; x_wconf 90' lang='lat' dir='ltr'><strong>Zippelium</strong></span> <span class='ocrx_word' id='word_1_46' title='bbox 1444 1231 1531 1272; x_wconf 90' lang='lat' dir='ltr'><strong>reum</strong></span> <span class='ocrx_word' id='word_1_47' title='bbox 1550 1213 1671 1284; x_wconf 84' lang='lat' dir='ltr'><strong>tacimus,</strong></span> 
     </span>
    </p>

    <p class='ocr_par' dir='ltr' id='par_1_4' title="bbox 357 1315 1736 2828">
     <span class='ocr_line' id='line_1_7' title="bbox 361 1315 1673 1394; baseline -0.002 -18"><span class='ocrx_word' id='word_1_48' title='bbox 361 1316 552 1392; x_wconf 87' lang='lat' dir='ltr'><strong>aliquatenus</strong></span> <span class='ocrx_word' id='word_1_49' title='bbox 581 1333 617 1374; x_wconf 91' lang='lat' dir='ltr'><strong>ee</strong></span> <span class='ocrx_word' id='word_1_50' title='bbox 644 1317 798 1387; x_wconf 85' lang='lat' dir='ltr'><strong>excusari,</strong></span> <span class='ocrx_word' id='word_1_51' title='bbox 825 1316 908 1394; x_wconf 92' lang='lat' dir='ltr'><strong>quod</strong></span> <span class='ocrx_word' id='word_1_52' title='bbox 935 1316 1105 1376; x_wconf 84' lang='lat' dir='ltr'><strong>testimonia</strong></span> <span class='ocrx_word' id='word_1_53' title='bbox 1129 1335 1191 1376; x_wconf 90' lang='lat' dir='ltr'><strong>rem</strong></span> <span class='ocrx_word' id='word_1_54' title='bbox 1216 1315 1423 1376; x_wconf 88' lang='lat' dir='ltr'><strong>demonstrant</strong></span> <span class='ocrx_word' id='word_1_55' title='bbox 1447 1335 1503 1394; x_wconf 91' lang='lat' dir='ltr'><strong>per</strong></span> <span class='ocrx_word' id='word_1_56' title='bbox 1525 1335 1560 1374; x_wconf 88' lang='lat' dir='ltr'><strong>se</strong></span> <span class='ocrx_word' id='word_1_57' title='bbox 1582 1335 1673 1392; x_wconf 83' lang='lat' dir='ltr'><strong>pamm</strong></span> 
     </span>
     <span class='ocr_line' id='line_1_8' title="bbox 360 1417 1672 1496; baseline -0.002 -18"><span class='ocrx_word' id='word_1_58' title='bbox 360 1418 559 1496; x_wconf 68' lang='lat' dir='ltr'><strong>probabilsmr</strong></span> <span class='ocrx_word' id='word_1_59' title='bbox 582 1417 696 1476; x_wconf 86' lang='lat' dir='ltr'><strong>scilicet</strong></span> <span class='ocrx_word' id='word_1_60' title='bbox 709 1417 994 1478; x_wconf 74' lang='lat' dir='ltr'><strong>administrationem</strong></span> <span class='ocrx_word' id='word_1_61' title='bbox 1009 1419 1126 1478; x_wconf 89' lang='lat' dir='ltr'><strong>civilem</strong></span> <span class='ocrx_word' id='word_1_62' title='bbox 1141 1417 1358 1494; x_wconf 79' lang='lat' dir='ltr'><strong>militaremque</strong></span> <span class='ocrx_word' id='word_1_63' title='bbox 1372 1417 1498 1478; x_wconf 84' lang='lat' dir='ltr'><strong>candem</strong></span> <span class='ocrx_word' id='word_1_64' title='bbox 1513 1419 1672 1495; x_wconf 88' lang='lat' dir='ltr'><strong>pervenisse</strong></span> 
     </span>
     <span class='ocr_line' id='line_1_9' title="bbox 361 1518 1736 1600; baseline -0.004 -16"><span class='ocrx_word' id='word_1_65' title='bbox 361 1518 505 1598; x_wconf 83' lang='lat' dir='ltr'><strong>aVevey</strong></span> <span class='ocrx_word' id='word_1_66' title='bbox 531 1529 561 1580; x_wconf 88' lang='lat' dir='ltr'><strong>et</strong></span> <span class='ocrx_word' id='word_1_67' title='bbox 585 1518 763 1580; x_wconf 90' lang='lat' dir='ltr'><strong>Villeneuve</strong></span> <span class='ocrx_word' id='word_1_68' title='bbox 789 1521 827 1578; x_wconf 93' lang='lat' dir='ltr'><strong>ad</strong></span> <span class='ocrx_word' id='word_1_69' title='bbox 854 1521 1014 1600; x_wconf 85' lang='lat' dir='ltr'><strong>Augsburg</strong></span> <span class='ocrx_word' id='word_1_70' title='bbox 1038 1531 1068 1580; x_wconf 92' lang='lat' dir='ltr'><strong>et</strong></span> <span class='ocrx_word' id='word_1_71' title='bbox 1093 1521 1291 1598; x_wconf 88' lang='lat' dir='ltr'><strong>Regensburg</strong></span> <span class='ocrx_word' id='word_1_72' title='bbox 1318 1520 1439 1598; x_wconf 90' lang='lat' dir='ltr'><strong>oppida.</strong></span> <span class='ocrx_word' id='word_1_73' title='bbox 1480 1519 1672 1580; x_wconf 84' lang='lat' dir='ltr'><strong>Nihilominus</strong></span> <span class='ocrx_word' id='word_1_74' title='bbox 1735 1573 1736 1596; x_wconf 61' lang='lat'><strong>,</strong></span> 
     </span>
     <span class='ocr_line' id='line_1_10' title="bbox 360 1622 1736 1702; baseline 0.001 -21"><span class='ocrx_word' id='word_1_75' title='bbox 360 1623 441 1701; x_wconf 90' lang='lat' dir='ltr'><strong>quod</strong></span> <span class='ocrx_word' id='word_1_76' title='bbox 452 1622 606 1700; x_wconf 89' lang='lat' dir='ltr'><strong>Zippelius</strong></span> <span class='ocrx_word' id='word_1_77' title='bbox 619 1623 760 1702; x_wconf 87' lang='lat' dir='ltr'><strong>Augusto</strong></span> <span class='ocrx_word' id='word_1_78' title='bbox 775 1623 976 1701; x_wconf 84' lang='lat' dir='ltr'><strong>suppeditavit</strong></span> <span class='ocrx_word' id='word_1_79' title='bbox 990 1623 1108 1702; x_wconf 88' lang='lat' dir='ltr'><strong>imperii</strong></span> <span class='ocrx_word' id='word_1_80' title='bbox 1123 1622 1316 1682; x_wconf 88' lang='lat' dir='ltr'><strong>distribuendi</strong></span> <span class='ocrx_word' id='word_1_81' title='bbox 1338 1622 1510 1694; x_wconf 89' lang='lat' dir='ltr'><strong>consilinm,</strong></span> <span class='ocrx_word' id='word_1_82' title='bbox 1530 1632 1565 1680; x_wconf 93' lang='lat' dir='ltr'><strong>ut</strong></span> <span class='ocrx_word' id='word_1_83' title='bbox 1579 1623 1671 1682; x_wconf 81' lang='lat' dir='ltr'><strong>vallem</strong></span> <span class='ocrx_word' id='word_1_84' title='bbox 1735 1631 1736 1638; x_wconf 76' lang='grc'>’</span> 
     </span>
     <span class='ocr_line' id='line_1_11' title="bbox 359 1722 1671 1803; baseline -0.001 -18"><span class='ocrx_word' id='word_1_85' title='bbox 359 1726 523 1785; x_wconf 77' lang='lat' dir='ltr'><strong>Poeninum</strong></span> <span class='ocrx_word' id='word_1_86' title='bbox 546 1743 613 1784; x_wconf 91' lang='lat' dir='ltr'><strong>cum</strong></span> <span class='ocrx_word' id='word_1_87' title='bbox 634 1722 797 1786; x_wconf 84' lang='lat' dir='ltr'><strong>Germania</strong></span> <span class='ocrx_word' id='word_1_88' title='bbox 815 1727 968 1803; x_wconf 86' lang='lat' dir='ltr'><strong>superiore</strong></span> <span class='ocrx_word' id='word_1_89' title='bbox 989 1727 1199 1798; x_wconf 78' lang='lat' dir='ltr'><strong>contribueret,</strong></span> <span class='ocrx_word' id='word_1_90' title='bbox 1221 1725 1395 1802; x_wconf 88' lang='lat' dir='ltr'><strong>imperatori</strong></span> <span class='ocrx_word' id='word_1_91' title='bbox 1417 1724 1447 1784; x_wconf 91' lang='lat' dir='ltr'><strong>ni</strong></span> <span class='ocrx_word' id='word_1_92' title='bbox 1468 1724 1563 1784; x_wconf 85' lang='lat' dir='ltr'><strong>fallor</strong></span> <span class='ocrx_word' id='word_1_93' title='bbox 1582 1744 1671 1801; x_wconf 88' lang='lat' dir='ltr'><strong>parum</strong></span> 
     </span>
     <span class='ocr_line' id='line_1_12' title="bbox 359 1807 1672 1906; baseline 0 -20"><span class='ocrx_word' id='word_1_94' title='bbox 359 1807 557 1906; x_wconf 75' lang='lat' dir='ltr'><strong>probavisset.</strong></span> <span class='ocrx_word' id='word_1_95' title='bbox 595 1825 718 1888; x_wconf 85' lang='lat' dir='ltr'><strong>Scilicet</strong></span> <span class='ocrx_word' id='word_1_96' title='bbox 737 1829 856 1905; x_wconf 89' lang='lat' dir='ltr'><strong>imperii</strong></span> <span class='ocrx_word' id='word_1_97' title='bbox 878 1829 1025 1888; x_wconf 87' lang='lat' dir='ltr'><strong>ordinatio</strong></span> <span class='ocrx_word' id='word_1_98' title='bbox 1040 1827 1170 1906; x_wconf 76' lang='lat' dir='ltr'><strong>Augusti</strong></span> <span class='ocrx_word' id='word_1_99' title='bbox 1192 1847 1228 1888; x_wconf 92' lang='lat' dir='ltr'><strong>eo</strong></span> <span class='ocrx_word' id='word_1_100' title='bbox 1250 1827 1299 1887; x_wconf 90' lang='lat' dir='ltr'><strong>vel</strong></span> <span class='ocrx_word' id='word_1_101' title='bbox 1318 1827 1450 1887; x_wconf 82' lang='lat' dir='ltr'><strong>maxime</strong></span> <span class='ocrx_word' id='word_1_102' title='bbox 1469 1828 1587 1900; x_wconf 88' lang='lat' dir='ltr'><strong>nititur,</strong></span> <span class='ocrx_word' id='word_1_103' title='bbox 1606 1826 1672 1906; x_wconf 88' lang='lat' dir='ltr'><strong>quod</strong></span> 
     </span>
     <span class='ocr_line' id='line_1_13' title="bbox 360 1929 1672 2010; baseline 0 -22"><span class='ocrx_word' id='word_1_104' title='bbox 360 1932 398 1989; x_wconf 86' lang='lat' dir='ltr'><strong>ab</strong></span> <span class='ocrx_word' id='word_1_105' title='bbox 419 1930 508 1990; x_wconf 90' lang='lat' dir='ltr'><strong>Italia</strong></span> <span class='ocrx_word' id='word_1_106' title='bbox 528 1949 613 1990; x_wconf 83' lang='lat' dir='ltr'><strong>arms</strong></span> <span class='ocrx_word' id='word_1_107' title='bbox 632 1931 774 2002; x_wconf 88' lang='lat' dir='ltr'><strong>removit,</strong></span> <span class='ocrx_word' id='word_1_108' title='bbox 801 1949 861 1992; x_wconf 91' lang='lat' dir='ltr'><strong>non</strong></span> <span class='ocrx_word' id='word_1_109' title='bbox 882 1933 1005 2010; x_wconf 88' lang='lat' dir='ltr'><strong>ignarus</strong></span> <span class='ocrx_word' id='word_1_110' title='bbox 1030 1931 1169 1992; x_wconf 88' lang='lat' dir='ltr'><strong>nimirum</strong></span> <span class='ocrx_word' id='word_1_111' title='bbox 1194 1931 1261 1990; x_wconf 85' lang='lat' dir='ltr'><strong>viae</strong></span> <span class='ocrx_word' id='word_1_112' title='bbox 1286 1929 1325 1988; x_wconf 87' lang='lat' dir='ltr'><strong>sd</strong></span> <span class='ocrx_word' id='word_1_113' title='bbox 1348 1929 1508 2007; x_wconf 89' lang='lat' dir='ltr'><strong>imperium</strong></span> <span class='ocrx_word' id='word_1_114' title='bbox 1531 1939 1672 2007; x_wconf 60' lang='lat' dir='ltr'><strong>pateruae</strong></span> 
     </span>
     <span class='ocr_line' id='line_1_14' title="bbox 358 2032 1673 2111; baseline 0.002 -21"><span class='ocrx_word' id='word_1_115' title='bbox 358 2033 462 2111; x_wconf 88' lang='lat' dir='ltr'><strong>itaque</strong></span> <span class='ocrx_word' id='word_1_116' title='bbox 487 2033 530 2092; x_wconf 89' lang='lat' dir='ltr'><strong>ita</strong></span> <span class='ocrx_word' id='word_1_117' title='bbox 554 2052 617 2092; x_wconf 88' lang='lat' dir='ltr'><strong>rem</strong></span> <span class='ocrx_word' id='word_1_118' title='bbox 644 2032 876 2105; x_wconf 87' lang='lat' dir='ltr'><strong>administravit,</strong></span> <span class='ocrx_word' id='word_1_119' title='bbox 905 2043 939 2092; x_wconf 90' lang='lat' dir='ltr'><strong>at</strong></span> <span class='ocrx_word' id='word_1_120' title='bbox 963 2034 1070 2094; x_wconf 88' lang='lat' dir='ltr'><strong>Italiae</strong></span> <span class='ocrx_word' id='word_1_121' title='bbox 1094 2033 1249 2111; x_wconf 85' lang='lat' dir='ltr'><strong>provincis</strong></span> <span class='ocrx_word' id='word_1_122' title='bbox 1275 2032 1360 2091; x_wconf 90' lang='lat' dir='ltr'><strong>nulla</strong></span> <span class='ocrx_word' id='word_1_123' title='bbox 1386 2033 1573 2092; x_wconf 87' lang='lat' dir='ltr'><strong>contermina</strong></span> <span class='ocrx_word' id='word_1_124' title='bbox 1594 2042 1673 2102; x_wconf 81' lang='lat' dir='ltr'><strong>esset,</strong></span> 
     </span>
     <span class='ocr_line' id='line_1_15' title="bbox 359 2135 1673 2216; baseline -0.002 -22"><span class='ocrx_word' id='word_1_125' title='bbox 359 2153 379 2194; x_wconf 90' lang='lat' dir='ltr'><strong>a</strong></span> <span class='ocrx_word' id='word_1_126' title='bbox 403 2137 490 2196; x_wconf 91' lang='lat' dir='ltr'><strong>cuius</strong></span> <span class='ocrx_word' id='word_1_127' title='bbox 515 2135 653 2211; x_wconf 87' lang='lat' dir='ltr'><strong>praeside</strong></span> <span class='ocrx_word' id='word_1_128' title='bbox 680 2135 739 2194; x_wconf 90' lang='lat' dir='ltr'><strong>sibi</strong></span> <span class='ocrx_word' id='word_1_129' title='bbox 764 2135 894 2206; x_wconf 86' lang='lat' dir='ltr'><strong>timeret,</strong></span> <span class='ocrx_word' id='word_1_130' title='bbox 923 2137 1062 2216; x_wconf 81' lang='lat' dir='ltr'><strong>regiones</strong></span> <span class='ocrx_word' id='word_1_131' title='bbox 1088 2144 1186 2196; x_wconf 87' lang='lat' dir='ltr'><strong>autem</strong></span> <span class='ocrx_word' id='word_1_132' title='bbox 1211 2135 1369 2211; x_wconf 88' lang='lat' dir='ltr'><strong>Inalpinae</strong></span> <span class='ocrx_word' id='word_1_133' title='bbox 1394 2153 1462 2194; x_wconf 90' lang='lat' dir='ltr'><strong>cum</strong></span> <span class='ocrx_word' id='word_1_134' title='bbox 1483 2135 1578 2194; x_wconf 76' lang='lat' dir='ltr'><strong>arnds</strong></span> <span class='ocrx_word' id='word_1_135' title='bbox 1598 2135 1673 2211; x_wconf 84' lang='lat' dir='ltr'><strong>plane</strong></span> 
     </span>
     <span class='ocr_line' id='line_1_16' title="bbox 359 2237 1672 2316; baseline 0.001 -21"><span class='ocrx_word' id='word_1_136' title='bbox 359 2255 464 2296; x_wconf 89' lang='lat' dir='ltr'><strong>vacare</strong></span> <span class='ocrx_word' id='word_1_137' title='bbox 488 2255 548 2296; x_wconf 89' lang='lat' dir='ltr'><strong>non</strong></span> <span class='ocrx_word' id='word_1_138' title='bbox 571 2247 710 2316; x_wconf 90' lang='lat' dir='ltr'><strong>possent,</strong></span> <span class='ocrx_word' id='word_1_139' title='bbox 737 2257 774 2296; x_wconf 91' lang='lat' dir='ltr'><strong>nc</strong></span> <span class='ocrx_word' id='word_1_140' title='bbox 795 2239 935 2296; x_wconf 89' lang='lat' dir='ltr'><strong>senatorii</strong></span> <span class='ocrx_word' id='word_1_141' title='bbox 956 2239 1075 2315; x_wconf 89' lang='lat' dir='ltr'><strong>quidem</strong></span> <span class='ocrx_word' id='word_1_142' title='bbox 1097 2237 1212 2298; x_wconf 84' lang='lat' dir='ltr'><strong>ordinis</strong></span> <span class='ocrx_word' id='word_1_143' title='bbox 1233 2237 1403 2316; x_wconf 87' lang='lat' dir='ltr'><strong>praesidem</strong></span> <span class='ocrx_word' id='word_1_144' title='bbox 1424 2237 1521 2296; x_wconf 91' lang='lat' dir='ltr'><strong>ullum</strong></span> <span class='ocrx_word' id='word_1_145' title='bbox 1542 2238 1581 2298; x_wconf 91' lang='lat' dir='ltr'><strong>iis</strong></span> <span class='ocrx_word' id='word_1_146' title='bbox 1600 2257 1672 2314; x_wconf 84' lang='lat' dir='ltr'><strong>prae-</strong></span> 
     </span>
     <span class='ocr_line' id='line_1_17' title="bbox 357 2337 1671 2418; baseline 0 -20"><span class='ocrx_word' id='word_1_147' title='bbox 357 2338 437 2400; x_wconf 80' lang='lat' dir='ltr'><strong>fecit.</strong></span> <span class='ocrx_word' id='word_1_148' title='bbox 470 2337 557 2400; x_wconf 86' lang='lat' dir='ltr'><strong>Hanc</strong></span> <span class='ocrx_word' id='word_1_149' title='bbox 579 2355 646 2400; x_wconf 89' lang='lat' dir='ltr'><strong>esse</strong></span> <span class='ocrx_word' id='word_1_150' title='bbox 668 2339 812 2416; x_wconf 85' lang='lat' dir='ltr'><strong>originem</strong></span> <span class='ocrx_word' id='word_1_151' title='bbox 827 2340 1047 2417; x_wconf 91' lang='lat' dir='ltr'><strong>provinciarum</strong></span> <span class='ocrx_word' id='word_1_152' title='bbox 1069 2341 1255 2418; x_wconf 82' lang='lat' dir='ltr'><strong>exiguarum,</strong></span> <span class='ocrx_word' id='word_1_153' title='bbox 1278 2358 1355 2416; x_wconf 90' lang='lat' dir='ltr'><strong>quae</strong></span> <span class='ocrx_word' id='word_1_154' title='bbox 1377 2359 1396 2397; x_wconf 89' lang='lat' dir='ltr'><strong>a</strong></span> <span class='ocrx_word' id='word_1_155' title='bbox 1411 2341 1612 2417; x_wconf 82' lang='lat' dir='ltr'><strong>septentrione</strong></span> <span class='ocrx_word' id='word_1_156' title='bbox 1624 2340 1671 2398; x_wconf 84' lang='lat' dir='ltr'><strong>la-</strong></span> 
     </span>
     <span class='ocr_line' id='line_1_18' title="bbox 357 2442 1671 2519; baseline 0 -19"><span class='ocrx_word' id='word_1_157' title='bbox 357 2443 428 2501; x_wconf 88' lang='lat' dir='ltr'><strong>liam</strong></span> <span class='ocrx_word' id='word_1_158' title='bbox 451 2442 647 2514; x_wconf 89' lang='lat' dir='ltr'><strong>circumdant,</strong></span> <span class='ocrx_word' id='word_1_159' title='bbox 673 2443 900 2501; x_wconf 89' lang='lat' dir='ltr'><strong>constitutarum</strong></span> <span class='ocrx_word' id='word_1_160' title='bbox 923 2443 978 2502; x_wconf 93' lang='lat' dir='ltr'><strong>sub</strong></span> <span class='ocrx_word' id='word_1_161' title='bbox 999 2443 1241 2518; x_wconf 84' lang='lat' dir='ltr'><strong>procuratoribus</strong></span> <span class='ocrx_word' id='word_1_162' title='bbox 1263 2443 1473 2519; x_wconf 81' lang='lat' dir='ltr'><strong>praesentiave,</strong></span> <span class='ocrx_word' id='word_1_163' title='bbox 1504 2461 1671 2519; x_wconf 84' lang='lat' dir='ltr'><strong>quamquam</strong></span> 
     </span>
     <span class='ocr_line' id='line_1_19' title="bbox 358 2543 1672 2623; baseline -0.002 -19"><span class='ocrx_word' id='word_1_164' title='bbox 358 2561 413 2604; x_wconf 88' lang='lat' dir='ltr'><strong>neo</strong></span> <span class='ocrx_word' id='word_1_165' title='bbox 434 2543 593 2610; x_wconf 84' lang='lat' dir='ltr'><strong>Maecenas</strong></span> <span class='ocrx_word' id='word_1_166' title='bbox 614 2544 701 2604; x_wconf 88' lang='lat' dir='ltr'><strong>nobis</strong></span> <span class='ocrx_word' id='word_1_167' title='bbox 723 2554 818 2620; x_wconf 87' lang='lat' dir='ltr'><strong>aeque</strong></span> <span class='ocrx_word' id='word_1_168' title='bbox 840 2547 976 2623; x_wconf 87' lang='lat' dir='ltr'><strong>Agrippa</strong></span> <span class='ocrx_word' id='word_1_169' title='bbox 997 2545 1139 2618; x_wconf 89' lang='lat' dir='ltr'><strong>narravit,</strong></span> <span class='ocrx_word' id='word_1_170' title='bbox 1162 2545 1356 2604; x_wconf 89' lang='lat' dir='ltr'><strong>nihilominus</strong></span> <span class='ocrx_word' id='word_1_171' title='bbox 1378 2554 1491 2603; x_wconf 90' lang='lat' dir='ltr'><strong>certum</strong></span> <span class='ocrx_word' id='word_1_172' title='bbox 1512 2552 1570 2616; x_wconf 77' lang='lat' dir='ltr'><strong>est,</strong></span> <span class='ocrx_word' id='word_1_173' title='bbox 1591 2562 1672 2620; x_wconf 89' lang='lat' dir='ltr'><strong>neque</strong></span> 
     </span>
     <span class='ocr_line' id='line_1_20' title="bbox 358 2647 1672 2724; baseline -0.002 -18"><span class='ocrx_word' id='word_1_174' title='bbox 358 2649 511 2724; x_wconf 88' lang='lat' dir='ltr'><strong>egregium</strong></span> <span class='ocrx_word' id='word_1_175' title='bbox 532 2647 739 2708; x_wconf 86' lang='lat' dir='ltr'><strong>documentum</strong></span> <span class='ocrx_word' id='word_1_176' title='bbox 762 2649 836 2706; x_wconf 90' lang='lat' dir='ltr'><strong>artis</strong></span> <span class='ocrx_word' id='word_1_177' title='bbox 858 2647 1067 2724; x_wconf 86' lang='lat' dir='ltr'><strong>imperatoriae</strong></span> <span class='ocrx_word' id='word_1_178' title='bbox 1089 2648 1190 2706; x_wconf 90' lang='lat' dir='ltr'><strong>nescio</strong></span> <span class='ocrx_word' id='word_1_179' title='bbox 1212 2647 1322 2724; x_wconf 89' lang='lat' dir='ltr'><strong>quibas</strong></span> <span class='ocrx_word' id='word_1_180' title='bbox 1343 2655 1497 2707; x_wconf 85' lang='lat' dir='ltr'><strong>auctorum</strong></span> <span class='ocrx_word' id='word_1_181' title='bbox 1520 2647 1595 2706; x_wconf 89' lang='lat' dir='ltr'><strong>locis</strong></span> <span class='ocrx_word' id='word_1_182' title='bbox 1614 2647 1672 2704; x_wconf 85' lang='lat' dir='ltr'><strong>titu-</strong></span> 
     </span>
     <span class='ocr_line' id='line_1_21' title="bbox 357 2749 1319 2828; baseline 0 -20"><span class='ocrx_word' id='word_1_183' title='bbox 357 2749 456 2826; x_wconf 88' lang='lat' dir='ltr'><strong>lisque</strong></span> <span class='ocrx_word' id='word_1_184' title='bbox 477 2767 582 2828; x_wconf 89' lang='lat' dir='ltr'><strong>parum</strong></span> <span class='ocrx_word' id='word_1_185' title='bbox 604 2757 684 2810; x_wconf 88' lang='lat' dir='ltr'><strong>recte</strong></span> <span class='ocrx_word' id='word_1_186' title='bbox 705 2749 863 2808; x_wconf 85' lang='lat' dir='ltr'><strong>intellectis</strong></span> <span class='ocrx_word' id='word_1_187' title='bbox 885 2749 960 2826; x_wconf 87' lang='lat' dir='ltr'><strong>eripi</strong></span> <span class='ocrx_word' id='word_1_188' title='bbox 982 2749 1069 2810; x_wconf 90' lang='lat' dir='ltr'><strong>uobis</strong></span> <span class='ocrx_word' id='word_1_189' title='bbox 1090 2750 1245 2827; x_wconf 88' lang='lat' dir='ltr'><strong>patiemur.</strong></span> <span class='ocrx_word' id='word_1_190' title='bbox 1316 2803 1319 2808; x_wconf 93' lang='lat'><strong>.</strong></span> 
     </span>
    </p>

    <p class='ocr_par' dir='ltr' id='par_1_5' title="bbox 338 2849 1737 3830">
     <span class='ocr_line' id='line_1_22' title="bbox 442 2849 1672 2930; baseline -0.006 -17"><span class='ocrx_word' id='word_1_191' title='bbox 442 2849 502 2914; x_wconf 88' lang='lat' dir='ltr'><strong>Sed</strong></span> <span class='ocrx_word' id='word_1_192' title='bbox 524 2852 654 2914; x_wconf 83' lang='lat' dir='ltr'><strong>fortasse</strong></span> <span class='ocrx_word' id='word_1_193' title='bbox 675 2851 891 2911; x_wconf 83' lang='lat' dir='ltr'><strong>coniunctionis</strong></span> <span class='ocrx_word' id='word_1_194' title='bbox 913 2851 1001 2912; x_wconf 89' lang='lat' dir='ltr'><strong>vallis</strong></span> <span class='ocrx_word' id='word_1_195' title='bbox 1021 2851 1174 2912; x_wconf 83' lang='lat' dir='ltr'><strong>Poeninae</strong></span> <span class='ocrx_word' id='word_1_196' title='bbox 1195 2871 1262 2910; x_wconf 90' lang='lat' dir='ltr'><strong>cum</strong></span> <span class='ocrx_word' id='word_1_197' title='bbox 1283 2852 1391 2912; x_wconf 87' lang='lat' dir='ltr'><strong>Raetia</strong></span> <span class='ocrx_word' id='word_1_198' title='bbox 1412 2859 1570 2930; x_wconf 82' lang='lat' dir='ltr'><strong>praeterea</strong></span> <span class='ocrx_word' id='word_1_199' title='bbox 1591 2851 1672 2908; x_wconf 80' lang='lat' dir='ltr'><strong>altera</strong></span> 
     </span>
     <span class='ocr_line' id='line_1_23' title="bbox 357 2949 1737 3032; baseline -0.001 -21"><span class='ocrx_word' id='word_1_200' title='bbox 357 2971 450 3014; x_wconf 89' lang='lat' dir='ltr'><strong>causa</strong></span> <span class='ocrx_word' id='word_1_201' title='bbox 470 2953 593 3014; x_wconf 79' lang='lat' dir='ltr'><strong>accedit.</strong></span> <span class='ocrx_word' id='word_1_202' title='bbox 630 2949 737 3030; x_wconf 87' lang='lat' dir='ltr'><strong>Neque</strong></span> <span class='ocrx_word' id='word_1_203' title='bbox 758 2954 837 3012; x_wconf 91' lang='lat' dir='ltr'><strong>enim</strong></span> <span class='ocrx_word' id='word_1_204' title='bbox 853 2951 966 3014; x_wconf 83' lang='lat' dir='ltr'><strong>Caesar</strong></span> <span class='ocrx_word' id='word_1_205' title='bbox 980 2961 1065 3031; x_wconf 87' lang='lat' dir='ltr'><strong>pater</strong></span> <span class='ocrx_word' id='word_1_206' title='bbox 1086 2955 1170 3014; x_wconf 90' lang='lat' dir='ltr'><strong>solus</strong></span> <span class='ocrx_word' id='word_1_207' title='bbox 1191 2953 1256 3025; x_wconf 83' lang='lat' dir='ltr'><strong>luit,</strong></span> <span class='ocrx_word' id='word_1_208' title='bbox 1278 2954 1330 3032; x_wconf 89' lang='lat' dir='ltr'><strong>qui</strong></span> <span class='ocrx_word' id='word_1_209' title='bbox 1351 2955 1486 3014; x_wconf 87' lang='lat' dir='ltr'><strong>civitates</strong></span> <span class='ocrx_word' id='word_1_210' title='bbox 1509 2953 1597 3012; x_wconf 86' lang='lat' dir='ltr'><strong>vallis</strong></span> <span class='ocrx_word' id='word_1_211' title='bbox 1616 2953 1670 3010; x_wconf 89' lang='lat' dir='ltr'><strong>eius</strong></span> <span class='ocrx_word' id='word_1_212' title='bbox 1736 3014 1737 3030; x_wconf 13' lang='grc' dir='ltr'>χ</span> 
     </span>
     <span class='ocr_line' id='line_1_24' title="bbox 357 3053 1670 3134; baseline 0 -22"><span class='ocrx_word' id='word_1_213' title='bbox 357 3055 500 3126; x_wconf 89' lang='lat' dir='ltr'><strong>vinceret,</strong></span> <span class='ocrx_word' id='word_1_214' title='bbox 525 3055 577 3114; x_wconf 93' lang='lat' dir='ltr'><strong>sed</strong></span> <span class='ocrx_word' id='word_1_215' title='bbox 594 3055 683 3115; x_wconf 64' lang='lat' dir='ltr'><strong>‘filius</strong></span> <span class='ocrx_word' id='word_1_216' title='bbox 710 3074 828 3132; x_wconf 90' lang='lat' dir='ltr'><strong>quoque</strong></span> <span class='ocrx_word' id='word_1_217' title='bbox 850 3057 1006 3134; x_wconf 87' lang='lat' dir='ltr'><strong>Augustus</strong></span> <span class='ocrx_word' id='word_1_218' title='bbox 1032 3058 1063 3118; x_wconf 91' lang='lat' dir='ltr'><strong>in</strong></span> <span class='ocrx_word' id='word_1_219' title='bbox 1091 3057 1222 3134; x_wconf 91' lang='lat' dir='ltr'><strong>tropaeis</strong></span> <span class='ocrx_word' id='word_1_220' title='bbox 1251 3056 1315 3114; x_wconf 89' lang='lat' dir='ltr'><strong>suis</strong></span> <span class='ocrx_word' id='word_1_221' title='bbox 1342 3054 1476 3130; x_wconf 89' lang='lat' dir='ltr'><strong>(Plinius</strong></span> <span class='ocrx_word' id='word_1_222' title='bbox 1497 3057 1529 3114; x_wconf 85' lang='lat' dir='ltr'><strong>lu.</strong></span> <span class='ocrx_word' id='word_1_223' title='bbox 1545 3075 1575 3114; x_wconf 91' lang='lat' dir='ltr'><strong>n.</strong></span> <span class='ocrx_word' id='word_1_224' title='bbox 1589 3056 1616 3128; x_wconf 83' lang='lat'><strong>3,</strong></span> <span class='ocrx_word' id='word_1_225' title='bbox 1629 3053 1670 3122; x_wconf 79' lang='lat' dir='ltr'><strong>ts,</strong></span> 
     </span>
     <span class='ocr_line' id='line_1_25' title="bbox 359 3147 1737 3236; baseline -0.002 -20"><span class='ocrx_word' id='word_1_226' title='bbox 359 3159 417 3216; x_wconf 88' lang='grc'><strong>136</strong></span> <span class='ocrx_word' id='word_1_227' title='bbox 442 3182 479 3208; x_wconf 87' lang='lat'>=</span> <span class='ocrx_word' id='word_1_228' title='bbox 503 3157 561 3216; x_wconf 91' lang='lat' dir='ltr'><strong>vol.</strong></span> <span class='ocrx_word' id='word_1_229' title='bbox 575 3157 601 3214; x_wconf 90' lang='lat' dir='ltr'>V</span> <span class='ocrx_word' id='word_1_230' title='bbox 617 3175 646 3214; x_wconf 91' lang='lat' dir='ltr'><strong>n.</strong></span> <span class='ocrx_word' id='word_1_231' title='bbox 660 3156 755 3233; x_wconf 80' lang='lat'>7817)</span> <span class='ocrx_word' id='word_1_232' title='bbox 776 3157 854 3218; x_wconf 87' lang='lat' dir='ltr'><strong>inter</strong></span> <span class='ocrx_word' id='word_1_233' title='bbox 875 3159 1002 3236; x_wconf 91' lang='lat' dir='ltr'><strong>populos</strong></span> <span class='ocrx_word' id='word_1_234' title='bbox 1026 3159 1156 3234; x_wconf 84' lang='lat' dir='ltr'><strong>Alpinos</strong></span> <span class='ocrx_word' id='word_1_235' title='bbox 1174 3177 1193 3216; x_wconf 90' lang='lat' dir='ltr'><strong>a</strong></span> <span class='ocrx_word' id='word_1_236' title='bbox 1206 3157 1382 3220; x_wconf 85' lang='lat' dir='ltr'><strong>sederictcs</strong></span> <span class='ocrx_word' id='word_1_237' title='bbox 1398 3155 1530 3230; x_wconf 85' lang='lat' dir='ltr'><strong>Uberes,</strong></span> <span class='ocrx_word' id='word_1_238' title='bbox 1550 3156 1670 3217; x_wconf 72' lang='lat' dir='ltr'><strong>Nantua-</strong></span> <span class='ocrx_word' id='word_1_239' title='bbox 1736 3147 1737 3214; x_wconf 77' lang='lat' dir='ltr'><strong>l</strong></span> 
     </span>
     <span class='ocr_line' id='line_1_26' title="bbox 356 3257 1670 3338; baseline -0.003 -18"><span class='ocrx_word' id='word_1_240' title='bbox 356 3267 412 3331; x_wconf 89' lang='lat' dir='ltr'><strong>tes,</strong></span> <span class='ocrx_word' id='word_1_241' title='bbox 437 3257 585 3332; x_wconf 87' lang='lat' dir='ltr'><strong>Sedunos,</strong></span> <span class='ocrx_word' id='word_1_242' title='bbox 605 3258 759 3336; x_wconf 79' lang='lat' dir='ltr'><strong>Veragros</strong></span> <span class='ocrx_word' id='word_1_243' title='bbox 781 3261 964 3319; x_wconf 86' lang='lat' dir='ltr'><strong>adnumerat.</strong></span> <span class='ocrx_word' id='word_1_244' title='bbox 1012 3259 1048 3318; x_wconf 92' lang='lat' dir='ltr'><strong>Id</strong></span> <span class='ocrx_word' id='word_1_245' title='bbox 1070 3261 1190 3338; x_wconf 88' lang='lat' dir='ltr'><strong>quando</strong></span> <span class='ocrx_word' id='word_1_246' title='bbox 1210 3259 1314 3320; x_wconf 84' lang='lat' dir='ltr'><strong>fecerit</strong></span> <span class='ocrx_word' id='word_1_247' title='bbox 1335 3277 1400 3318; x_wconf 90' lang='lat' dir='ltr'><strong>cum</strong></span> <span class='ocrx_word' id='word_1_248' title='bbox 1421 3279 1523 3318; x_wconf 73' lang='lat' dir='ltr'><strong>rmum</strong></span> <span class='ocrx_word' id='word_1_249' title='bbox 1549 3267 1670 3318; x_wconf 71' lang='lat' dir='ltr'><strong>accures</strong></span> 
     </span>
     <span class='ocr_line' id='line_1_27' title="bbox 338 3357 1737 3440; baseline 0.001 -20"><span class='ocrx_word' id='word_1_250' title='bbox 338 3361 416 3420; x_wconf 72' lang='lat' dir='ltr'><strong>&#39;non</strong></span> <span class='ocrx_word' id='word_1_251' title='bbox 439 3360 628 3434; x_wconf 88' lang='lat' dir='ltr'><strong>tradiderint,</strong></span> <span class='ocrx_word' id='word_1_252' title='bbox 655 3361 812 3422; x_wconf 89' lang='lat' dir='ltr'><strong>admodum</strong></span> <span class='ocrx_word' id='word_1_253' title='bbox 835 3363 992 3440; x_wconf 87' lang='lat' dir='ltr'><strong>probabile</strong></span> <span class='ocrx_word' id='word_1_254' title='bbox 1016 3371 1064 3421; x_wconf 90' lang='lat' dir='ltr'><strong>est</strong></span> <span class='ocrx_word' id='word_1_255' title='bbox 1084 3363 1239 3422; x_wconf 85' lang='lat' dir='ltr'><strong>Raeticum</strong></span> <span class='ocrx_word' id='word_1_256' title='bbox 1267 3361 1378 3420; x_wconf 86' lang='lat' dir='ltr'><strong>bellum</strong></span> <span class='ocrx_word' id='word_1_257' title='bbox 1399 3381 1427 3425; x_wconf 87' lang='lat' dir='ltr'><strong>a.</strong></span> <span class='ocrx_word' id='word_1_258' title='bbox 1442 3359 1504 3420; x_wconf 78' lang='lat' dir='ltr'><strong>‘iss</strong></span> <span class='ocrx_word' id='word_1_259' title='bbox 1531 3362 1617 3420; x_wconf 87' lang='lat' dir='ltr'><strong>ctiam</strong></span> <span class='ocrx_word' id='word_1_260' title='bbox 1638 3357 1669 3418; x_wconf 84' lang='lat' dir='ltr'><strong>sd</strong></span> <span class='ocrx_word' id='word_1_261' title='bbox 1736 3359 1737 3422; x_wconf 70' lang='lat' dir='ltr'>J</span> 
     </span>
     <span class='ocr_line' id='line_1_28' title="bbox 356 3463 1668 3542; baseline -0.003 -20"><span class='ocrx_word' id='word_1_262' title='bbox 356 3463 466 3522; x_wconf 89' lang='lat' dir='ltr'><strong>vallem</strong></span> <span class='ocrx_word' id='word_1_263' title='bbox 489 3463 654 3528; x_wconf 81' lang='lat' dir='ltr'><strong>Poeninum</strong></span> <span class='ocrx_word' id='word_1_264' title='bbox 680 3465 869 3540; x_wconf 85' lang='lat' dir='ltr'><strong>pertinuisse.</strong></span> <span class='ocrx_word' id='word_1_265' title='bbox 911 3465 949 3523; x_wconf 96' lang='lat' dir='ltr'><strong>Id</strong></span> <span class='ocrx_word' id='word_1_266' title='bbox 974 3465 1001 3524; x_wconf 92' lang='lat' dir='ltr'><strong>si</strong></span> <span class='ocrx_word' id='word_1_267' title='bbox 1022 3464 1066 3522; x_wconf 88' lang='lat' dir='ltr'><strong>ita</strong></span> <span class='ocrx_word' id='word_1_268' title='bbox 1086 3464 1150 3538; x_wconf 86' lang='lat' dir='ltr'><strong>fuit,</strong></span> <span class='ocrx_word' id='word_1_269' title='bbox 1175 3473 1410 3524; x_wconf 90' lang='lat' dir='ltr'><strong>consentaneum</strong></span> <span class='ocrx_word' id='word_1_270' title='bbox 1428 3470 1476 3522; x_wconf 85' lang='lat' dir='ltr'><strong>est</strong></span> <span class='ocrx_word' id='word_1_271' title='bbox 1495 3464 1593 3542; x_wconf 86' lang='lat' dir='ltr'><strong>legem</strong></span> <span class='ocrx_word' id='word_1_272' title='bbox 1612 3481 1668 3539; x_wconf 83' lang='lat' dir='ltr'><strong>prc</strong></span> 
     </span>
     <span class='ocr_line' id='line_1_29' title="bbox 355 3561 1669 3642; baseline -0.003 -18"><span class='ocrx_word' id='word_1_273' title='bbox 355 3566 470 3626; x_wconf 90' lang='lat' dir='ltr'><strong>vinciae</strong></span> <span class='ocrx_word' id='word_1_274' title='bbox 492 3565 719 3626; x_wconf 87' lang='lat' dir='ltr'><strong>constituendae</strong></span> <span class='ocrx_word' id='word_1_275' title='bbox 741 3566 962 3642; x_wconf 90' lang='lat' dir='ltr'><strong>quodammodo</strong></span> <span class='ocrx_word' id='word_1_276' title='bbox 976 3585 996 3624; x_wconf 87' lang='lat' dir='ltr'><strong>a</strong></span> <span class='ocrx_word' id='word_1_277' title='bbox 1010 3567 1136 3626; x_wconf 89' lang='lat' dir='ltr'><strong>victoria</strong></span> <span class='ocrx_word' id='word_1_278' title='bbox 1156 3565 1209 3624; x_wconf 86' lang='lat' dir='ltr'><strong>illc</strong></span> <span class='ocrx_word' id='word_1_279' title='bbox 1229 3565 1369 3625; x_wconf 87' lang='lat' dir='ltr'><strong>dictatam</strong></span> <span class='ocrx_word' id='word_1_280' title='bbox 1391 3583 1469 3626; x_wconf 90' lang='lat' dir='ltr'><strong>esse.</strong></span> <span class='ocrx_word' id='word_1_281' title='bbox 1505 3565 1586 3640; x_wconf 81' lang='lat' dir='ltr'><strong>Quid</strong></span> <span class='ocrx_word' id='word_1_282' title='bbox 1601 3561 1669 3640; x_wconf 89' lang='lat' dir='ltr'><strong>quud</strong></span> 
     </span>
     <span class='ocr_line' id='line_1_30' title="bbox 356 3667 1667 3746; baseline -0.005 -17"><span class='ocrx_word' id='word_1_283' title='bbox 356 3667 538 3745; x_wconf 87' lang='lat' dir='ltr'><strong>Drusomagi</strong></span> <span class='ocrx_word' id='word_1_284' title='bbox 560 3668 662 3745; x_wconf 91' lang='lat' dir='ltr'><strong>oppidi</strong></span> <span class='ocrx_word' id='word_1_285' title='bbox 683 3668 861 3728; x_wconf 87' lang='lat' dir='ltr'><strong>vocabulum</strong></span> <span class='ocrx_word' id='word_1_286' title='bbox 885 3687 944 3728; x_wconf 89' lang='lat' dir='ltr'><strong>non</strong></span> <span class='ocrx_word' id='word_1_287' title='bbox 966 3668 1031 3728; x_wconf 90' lang='lat' dir='ltr'><strong>sine</strong></span> <span class='ocrx_word' id='word_1_288' title='bbox 1053 3669 1152 3744; x_wconf 90' lang='lat' dir='ltr'><strong>specie</strong></span> <span class='ocrx_word' id='word_1_289' title='bbox 1176 3667 1240 3726; x_wconf 89' lang='lat' dir='ltr'><strong>veri</strong></span> <span class='ocrx_word' id='word_1_290' title='bbox 1266 3669 1306 3728; x_wconf 89' lang='lat' dir='ltr'><strong>ad</strong></span> <span class='ocrx_word' id='word_1_291' title='bbox 1331 3667 1361 3726; x_wconf 93' lang='lat' dir='ltr'><strong>id</strong></span> <span class='ocrx_word' id='word_1_292' title='bbox 1386 3668 1486 3746; x_wconf 88' lang='lat' dir='ltr'><strong>ipsum</strong></span> <span class='ocrx_word' id='word_1_293' title='bbox 1508 3667 1613 3728; x_wconf 85' lang='lat' dir='ltr'><strong>bellum</strong></span> <span class='ocrx_word' id='word_1_294' title='bbox 1631 3683 1667 3722; x_wconf 87' lang='lat' dir='ltr'><strong>re·</strong></span> 
     </span>
     <span class='ocr_line' id='line_1_31' title="bbox 355 3770 1371 3830; baseline 0.001 -2"><span class='ocrx_word' id='word_1_295' title='bbox 355 3770 520 3830; x_wconf 87' lang='lat' dir='ltr'><strong>vocabitur.</strong></span> <span class='ocrx_word' id='word_1_296' title='bbox 1367 3779 1371 3786; x_wconf 89' lang='grc'><strong>’</strong></span> 
     </span>
    </p>
   </div>
   <div class='ocr_carea' id='block_1_3' title="bbox 528 4070 1521 4182">
    <p class='ocr_par' dir='ltr' id='par_1_6' title="bbox 528 4070 1521 4182">
     <span class='ocr_line' id='line_1_32' title="bbox 528 4070 1521 4182; baseline 0.001 -3"><span class='ocrx_word' id='word_1_297' title='bbox 528 4075 683 4179; x_wconf 78' lang='lat' dir='ltr'><strong>XXX.</strong></span> <span class='ocrx_word' id='word_1_298' title='bbox 744 4083 1135 4181; x_wconf 82' lang='lat' dir='ltr'><strong>COGNOMINA</strong></span> <span class='ocrx_word' id='word_1_299' title='bbox 1163 4070 1521 4182; x_wconf 73' lang='lat' dir='ltr'><strong>AFRICANA..</strong></span> 
     </span>
    </p>
   </div>
   <div class='ocr_carea' id='block_1_4' title="bbox 352 4253 1665 5070">
    <p class='ocr_par' dir='ltr' id='par_1_7' title="bbox 352 4253 1665 5070">
     <span class='ocr_line' id='line_1_33' title="bbox 359 4253 1665 4356; baseline 0.002 -20"><span class='ocrx_word' id='word_1_300' title='bbox 359 4261 376 4268; x_wconf 31' lang='grc' dir='ltr'>Η</span> <span class='ocrx_word' id='word_1_301' title='bbox 404 4261 407 4266; x_wconf 50' lang='grc'><strong>’</strong></span> <span class='ocrx_word' id='word_1_302' title='bbox 439 4275 549 4348; x_wconf 90' lang='lat' dir='ltr'><strong>Nobis,</strong></span> <span class='ocrx_word' id='word_1_303' title='bbox 572 4277 679 4356; x_wconf 89' lang='lat' dir='ltr'><strong>quibus</strong></span> <span class='ocrx_word' id='word_1_304' title='bbox 701 4296 761 4336; x_wconf 89' lang='lat' dir='ltr'><strong>non</strong></span> <span class='ocrx_word' id='word_1_305' title='bbox 783 4278 814 4336; x_wconf 91' lang='lat' dir='ltr'><strong>in</strong></span> <span class='ocrx_word' id='word_1_306' title='bbox 830 4279 909 4338; x_wconf 89' lang='lat' dir='ltr'><strong>votis</strong></span> <span class='ocrx_word' id='word_1_307' title='bbox 931 4278 1061 4355; x_wconf 91' lang='lat' dir='ltr'><strong>quidem,</strong></span> <span class='ocrx_word' id='word_1_308' title='bbox 1082 4277 1137 4338; x_wconf 91' lang='lat' dir='ltr'><strong>sed</strong></span> <span class='ocrx_word' id='word_1_309' title='bbox 1157 4278 1188 4336; x_wconf 91' lang='lat' dir='ltr'><strong>in</strong></span> <span class='ocrx_word' id='word_1_310' title='bbox 1207 4257 1357 4352; x_wconf 79' lang='lat' dir='ltr'><strong>satisfuit,</strong></span> <span class='ocrx_word' id='word_1_311' title='bbox 1379 4253 1412 4337; x_wconf 83' lang='lat' dir='ltr'><strong>ut</strong></span> <span class='ocrx_word' id='word_1_312' title='bbox 1432 4285 1561 4354; x_wconf 86' lang='lat' dir='ltr'><strong>aetatem</strong></span> <span class='ocrx_word' id='word_1_313' title='bbox 1581 4276 1665 4352; x_wconf 79' lang='lat' dir='ltr'><strong>exige·</strong></span> 
     </span>
     <span class='ocr_line' id='line_1_34' title="bbox 354 4379 1664 4458; baseline -0.005 -18"><span class='ocrx_word' id='word_1_314' title='bbox 354 4398 454 4440; x_wconf 89' lang='lat' dir='ltr'><strong>remus</strong></span> <span class='ocrx_word' id='word_1_315' title='bbox 475 4381 507 4438; x_wconf 92' lang='lat' dir='ltr'><strong>in</strong></span> <span class='ocrx_word' id='word_1_316' title='bbox 528 4381 661 4456; x_wconf 89' lang='lat' dir='ltr'><strong>parando</strong></span> <span class='ocrx_word' id='word_1_317' title='bbox 682 4380 778 4458; x_wconf 86' lang='lat' dir='ltr'><strong>magis</strong></span> <span class='ocrx_word' id='word_1_318' title='bbox 799 4398 888 4456; x_wconf 89' lang='lat' dir='ltr'><strong>quam</strong></span> <span class='ocrx_word' id='word_1_319' title='bbox 911 4381 1021 4440; x_wconf 87' lang='lat' dir='ltr'><strong>utendo</strong></span> <span class='ocrx_word' id='word_1_320' title='bbox 1044 4389 1190 4458; x_wconf 85' lang='lat' dir='ltr'><strong>apparatu</strong></span> <span class='ocrx_word' id='word_1_321' title='bbox 1212 4380 1415 4458; x_wconf 88' lang='lat' dir='ltr'><strong>epigraphico‚</strong></span> <span class='ocrx_word' id='word_1_322' title='bbox 1437 4400 1505 4440; x_wconf 92' lang='lat' dir='ltr'><strong>cum</strong></span> <span class='ocrx_word' id='word_1_323' title='bbox 1527 4379 1664 4458; x_wconf 90' lang='lat' dir='ltr'><strong>nuperiu-</strong></span> 
     </span>
     <span class='ocr_line' id='line_1_35' title="bbox 354 4481 1663 4560; baseline -0.002 -17"><span class='ocrx_word' id='word_1_324' title='bbox 354 4481 429 4544; x_wconf 90' lang='lat' dir='ltr'><strong>dicis</strong></span> <span class='ocrx_word' id='word_1_325' title='bbox 451 4482 662 4559; x_wconf 90' lang='lat' dir='ltr'><strong>cognominum</strong></span> <span class='ocrx_word' id='word_1_326' title='bbox 684 4482 893 4542; x_wconf 81' lang='lat' dir='ltr'><strong>Africanorum</strong></span> <span class='ocrx_word' id='word_1_327' title='bbox 916 4481 1093 4542; x_wconf 89' lang='lat' dir='ltr'><strong>conficiendi</strong></span> <span class='ocrx_word' id='word_1_328' title='bbox 1114 4499 1222 4542; x_wconf 89' lang='lat' dir='ltr'><strong>munus</strong></span> <span class='ocrx_word' id='word_1_329' title='bbox 1242 4481 1415 4560; x_wconf 91' lang='lat' dir='ltr'><strong>impositum</strong></span> <span class='ocrx_word' id='word_1_330' title='bbox 1440 4491 1531 4554; x_wconf 71' lang='lat' dir='ltr'><strong>esset</strong></span> <span class='ocrx_word' id='word_1_331' title='bbox 1552 4481 1663 4540; x_wconf 76' lang='lat' dir='ltr'><strong>admis-</strong></span> 
     </span>
     <span class='ocr_line' id='line_1_36' title="bbox 353 4583 1662 4663; baseline -0.004 -21"><span class='ocrx_word' id='word_1_332' title='bbox 353 4584 464 4642; x_wconf 88' lang='lat' dir='ltr'><strong>tionem</strong></span> <span class='ocrx_word' id='word_1_333' title='bbox 488 4583 582 4642; x_wconf 91' lang='lat' dir='ltr'><strong>movit</strong></span> <span class='ocrx_word' id='word_1_334' title='bbox 602 4603 705 4642; x_wconf 86' lang='lat' dir='ltr'><strong>eorum</strong></span> <span class='ocrx_word' id='word_1_335' title='bbox 727 4601 804 4660; x_wconf 88' lang='lat' dir='ltr'><strong>quas</strong></span> <span class='ocrx_word' id='word_1_336' title='bbox 825 4584 855 4644; x_wconf 92' lang='lat' dir='ltr'><strong>in</strong></span> <span class='ocrx_word' id='word_1_337' title='bbox 877 4603 961 4643; x_wconf 89' lang='lat' dir='ltr'><strong>-csua</strong></span> <span class='ocrx_word' id='word_1_338' title='bbox 975 4585 1024 4644; x_wconf 92' lang='lat' dir='ltr'><strong>vel</strong></span> <span class='ocrx_word' id='word_1_339' title='bbox 1040 4603 1108 4642; x_wconf 85' lang='lat' dir='ltr'><strong>-cso</strong></span> <span class='ocrx_word' id='word_1_340' title='bbox 1129 4585 1272 4644; x_wconf 88' lang='lat' dir='ltr'><strong>finiuntur</strong></span> <span class='ocrx_word' id='word_1_341' title='bbox 1294 4585 1432 4644; x_wconf 89' lang='lat' dir='ltr'><strong>condicio</strong></span> <span class='ocrx_word' id='word_1_342' title='bbox 1453 4595 1484 4644; x_wconf 88' lang='lat' dir='ltr'><strong>et</strong></span> <span class='ocrx_word' id='word_1_343' title='bbox 1503 4583 1662 4663; x_wconf 85' lang='lat' dir='ltr'><strong>proprietas.</strong></span> 
     </span>
     <span class='ocr_line' id='line_1_37' title="bbox 352 4685 1662 4764; baseline -0.005 -19"><span class='ocrx_word' id='word_1_344' title='bbox 352 4687 451 4746; x_wconf 87' lang='lat' dir='ltr'><strong>Missa</strong></span> <span class='ocrx_word' id='word_1_345' title='bbox 471 4685 599 4744; x_wconf 82' lang='lat' dir='ltr'><strong>tacimus</strong></span> <span class='ocrx_word' id='word_1_346' title='bbox 622 4694 740 4760; x_wconf 88' lang='lat' dir='ltr'><strong>praeter</strong></span> <span class='ocrx_word' id='word_1_347' title='bbox 762 4706 799 4745; x_wconf 85' lang='lat' dir='ltr'><strong>es</strong></span> <span class='ocrx_word' id='word_1_348' title='bbox 819 4705 897 4762; x_wconf 87' lang='lat' dir='ltr'><strong>quse</strong></span> <span class='ocrx_word' id='word_1_349' title='bbox 918 4687 1105 4764; x_wconf 88' lang='lat' dir='ltr'><strong>corruptelae</strong></span> <span class='ocrx_word' id='word_1_350' title='bbox 1128 4695 1269 4763; x_wconf 87' lang='lat' dir='ltr'><strong>suspecta</strong></span> <span class='ocrx_word' id='word_1_351' title='bbox 1288 4694 1359 4746; x_wconf 90' lang='lat' dir='ltr'><strong>sunt</strong></span> <span class='ocrx_word' id='word_1_352' title='bbox 1375 4695 1406 4746; x_wconf 88' lang='lat' dir='ltr'><strong>et</strong></span> <span class='ocrx_word' id='word_1_353' title='bbox 1419 4687 1566 4746; x_wconf 84' lang='lat' dir='ltr'><strong>adiectivs</strong></span> <span class='ocrx_word' id='word_1_354' title='bbox 1581 4685 1608 4742; x_wconf 90' lang='lat' dir='ltr'><strong>in</strong></span> <span class='ocrx_word' id='word_1_355' title='bbox 1620 4699 1662 4740; x_wconf 91' lang='lat' dir='ltr'><strong>nc·</strong></span> 
     </span>
     <span class='ocr_line' id='line_1_38' title="bbox 353 4785 1661 4864; baseline 0.003 -18"><span class='ocrx_word' id='word_1_356' title='bbox 353 4789 465 4848; x_wconf 87' lang='lat' dir='ltr'><strong>minum</strong></span> <span class='ocrx_word' id='word_1_357' title='bbox 487 4787 585 4846; x_wconf 88' lang='lat' dir='ltr'><strong>locum</strong></span> <span class='ocrx_word' id='word_1_358' title='bbox 601 4786 768 4864; x_wconf 88' lang='lat' dir='ltr'><strong>adsumpta,</strong></span> <span class='ocrx_word' id='word_1_359' title='bbox 784 4797 817 4847; x_wconf 89' lang='lat' dir='ltr'><strong>ut</strong></span> <span class='ocrx_word' id='word_1_360' title='bbox 830 4789 933 4864; x_wconf 84' lang='lat' dir='ltr'><strong>sunt1)</strong></span> <span class='ocrx_word' id='word_1_361' title='bbox 949 4786 1118 4858; x_wconf 75' lang='lat' dir='ltr'><strong>iEsitiosus</strong></span> <span class='ocrx_word' id='word_1_362' title='bbox 1130 4823 1170 4834; x_wconf 92' lang='lat'>-</span> <span class='ocrx_word' id='word_1_363' title='bbox 1181 4790 1360 4849; x_wconf 81' lang='lat' dir='ltr'><strong>Fructuosus</strong></span> <span class='ocrx_word' id='word_1_364' title='bbox 1373 4788 1432 4864; x_wconf 60' lang='grc' dir='ltr'><strong>(ἓ),</strong></span> <span class='ocrx_word' id='word_1_365' title='bbox 1443 4789 1603 4850; x_wconf 75' lang='lat' dir='ltr'><strong>Fructuosus</strong></span> <span class='ocrx_word' id='word_1_366' title='bbox 1615 4785 1661 4860; x_wconf 79' lang='lat' dir='ltr'><strong>(l).</strong></span> 
     </span>
     <span class='ocr_line' id='line_1_39' title="bbox 353 4887 1660 4968; baseline -0.003 -18"><span class='ocrx_word' id='word_1_367' title='bbox 353 4891 504 4960; x_wconf 84' lang='lat' dir='ltr'><strong>Fruclcsa,</strong></span> <span class='ocrx_word' id='word_1_368' title='bbox 518 4889 646 4948; x_wconf 80' lang='lat' dir='ltr'><strong>Frutoaa</strong></span> <span class='ocrx_word' id='word_1_369' title='bbox 668 4923 705 4932; x_wconf 95' lang='lat'><em>-</em></span> <span class='ocrx_word' id='word_1_370' title='bbox 732 4889 903 4962; x_wconf 78' lang='lat' dir='ltr'><strong>Generosos,</strong></span> <span class='ocrx_word' id='word_1_371' title='bbox 922 4890 1066 4951; x_wconf 81' lang='lat' dir='ltr'><strong>Generosa</strong></span> <span class='ocrx_word' id='word_1_372' title='bbox 1086 4891 1134 4968; x_wconf 79' lang='lat'><strong>(2)</strong></span> <span class='ocrx_word' id='word_1_373' title='bbox 1155 4925 1193 4935; x_wconf 92' lang='lat'>—</span> <span class='ocrx_word' id='word_1_374' title='bbox 1214 4889 1400 4962; x_wconf 81' lang='lat' dir='ltr'><strong>†Gratioaus</strong></span> <span class='ocrx_word' id='word_1_375' title='bbox 1423 4925 1461 4936; x_wconf 91' lang='lat'><strong>—·</strong></span> <span class='ocrx_word' id='word_1_376' title='bbox 1486 4891 1604 4952; x_wconf 81' lang='lat' dir='ltr'><strong>Gulosus</strong></span> <span class='ocrx_word' id='word_1_377' title='bbox 1622 4887 1660 4962; x_wconf 84' lang='lat'><strong>(3)</strong></span> 
     </span>
     <span class='ocr_line' id='line_1_40' title="bbox 353 4993 1660 5070; baseline -0.001 -21"><span class='ocrx_word' id='word_1_378' title='bbox 353 5025 391 5035; x_wconf 89' lang='lat'><strong>—</strong></span> <span class='ocrx_word' id='word_1_379' title='bbox 415 4993 590 5068; x_wconf 83' lang='lat' dir='ltr'><strong>Imperiosus</strong></span> <span class='ocrx_word' id='word_1_380' title='bbox 613 5027 650 5037; x_wconf 92' lang='lat'>—</span> <span class='ocrx_word' id='word_1_381' title='bbox 674 4993 855 5068; x_wconf 71' lang='lat' dir='ltr'><strong>Ingeniosus,</strong></span> <span class='ocrx_word' id='word_1_382' title='bbox 876 4995 1031 5070; x_wconf 73' lang='lat' dir='ltr'><strong>Ingeniosa</strong></span> <span class='ocrx_word' id='word_1_383' title='bbox 1052 5027 1090 5037; x_wconf 95' lang='lat'>-</span> <span class='ocrx_word' id='word_1_384' title='bbox 1107 4993 1254 5056; x_wconf 73' lang='lat' dir='ltr'><strong>Lucstosc</strong></span> <span class='ocrx_word' id='word_1_385' title='bbox 1274 5028 1316 5038; x_wconf 96' lang='lat'>—</span> <span class='ocrx_word' id='word_1_386' title='bbox 1331 4995 1514 5056; x_wconf 75' lang='lat' dir='ltr'><strong>Musonianus</strong></span> <span class='ocrx_word' id='word_1_387' title='bbox 1536 5029 1572 5040; x_wconf 96' lang='lat'>-</span> <span class='ocrx_word' id='word_1_388' title='bbox 1592 4993 1660 5049; x_wconf 82' lang='lat' dir='ltr'><strong>Poa-</strong></span> 
     </span>
    </p>
   </div>
   <div class='ocr_carea' id='block_1_5' title="bbox 355 5133 558 5155">
    <p class='ocr_par' dir='ltr' id='par_1_8' title="bbox 355 5133 558 5155">
     <span class='ocr_line' id='line_1_41' title="bbox 355 5133 558 5155; baseline 0.01 -7"><span class='ocrx_word' id='word_1_389' title='bbox 355 5133 558 5155; x_wconf 56' lang='lat' dir='ltr'>——ss-</span> 
     </span>
    </p>
   </div>
   <div class='ocr_carea' id='block_1_6' title="bbox 353 5231 1658 5396">
    <p class='ocr_par' dir='ltr' id='par_1_9' title="bbox 353 5231 1658 5396">
     <span class='ocr_line' id='line_1_42' title="bbox 430 5231 1658 5304; baseline 0.006 -20"><span class='ocrx_word' id='word_1_390' title='bbox 430 5231 453 5294; x_wconf 94' lang='lat'><strong>¹)</strong></span> <span class='ocrx_word' id='word_1_391' title='bbox 480 5233 609 5285; x_wconf 87' lang='lat' dir='ltr'><strong>Numeros</strong></span> <span class='ocrx_word' id='word_1_392' title='bbox 626 5236 757 5286; x_wconf 71' lang='lat' dir='ltr'><strong>titulorum</strong></span> <span class='ocrx_word' id='word_1_393' title='bbox 776 5251 829 5286; x_wconf 89' lang='lat' dir='ltr'><strong>non</strong></span> <span class='ocrx_word' id='word_1_394' title='bbox 848 5237 1030 5302; x_wconf 86' lang='lat' dir='ltr'><strong>adscripsimus</strong></span> <span class='ocrx_word' id='word_1_395' title='bbox 1048 5237 1174 5304; x_wconf 88' lang='lat' dir='ltr'><strong>petendos</strong></span> <span class='ocrx_word' id='word_1_396' title='bbox 1192 5253 1225 5290; x_wconf 83' lang='lat' dir='ltr'><strong>ex</strong></span> <span class='ocrx_word' id='word_1_397' title='bbox 1238 5239 1296 5304; x_wconf 92' lang='lat' dir='ltr'><strong>ipso</strong></span> <span class='ocrx_word' id='word_1_398' title='bbox 1313 5238 1359 5288; x_wconf 89' lang='lat' dir='ltr'><strong>illo</strong></span> <span class='ocrx_word' id='word_1_399' title='bbox 1377 5237 1477 5302; x_wconf 81' lang='lat' dir='ltr'><strong>indice3</strong></span> <span class='ocrx_word' id='word_1_400' title='bbox 1496 5235 1658 5304; x_wconf 67' lang='lat' dir='ltr'><strong>aumapsuv·</strong></span> 
     </span>
     <span class='ocr_line' id='line_1_43' title="bbox 353 5323 1492 5396; baseline 0.01 -25"><span class='ocrx_word' id='word_1_401' title='bbox 353 5323 374 5372; x_wconf 87' lang='lat' dir='ltr'><strong>sl</strong></span> <span class='ocrx_word' id='word_1_402' title='bbox 394 5338 443 5388; x_wconf 87' lang='lat' dir='ltr'><strong>qua</strong></span> <span class='ocrx_word' id='word_1_403' title='bbox 461 5325 587 5378; x_wconf 89' lang='lat' dir='ltr'><strong>vocabula</strong></span> <span class='ocrx_word' id='word_1_404' title='bbox 606 5329 708 5394; x_wconf 88' lang='lat' dir='ltr'><strong>saepius</strong></span> <span class='ocrx_word' id='word_1_405' title='bbox 725 5328 842 5394; x_wconf 81' lang='lat' dir='ltr'><strong>redeunt.</strong></span> <span class='ocrx_word' id='word_1_406' title='bbox 867 5329 942 5394; x_wconf 25' lang='lat' dir='ltr'><strong>‘Crux</strong></span> <span class='ocrx_word' id='word_1_407' title='bbox 960 5336 1021 5380; x_wconf 85' lang='lat' dir='ltr'><strong>anta</strong></span> <span class='ocrx_word' id='word_1_408' title='bbox 1037 5345 1131 5384; x_wconf 86' lang='lat' dir='ltr'><strong>nomeu</strong></span> <span class='ocrx_word' id='word_1_409' title='bbox 1150 5331 1326 5394; x_wconf 73' lang='lat' dir='ltr'><strong>Christianum</strong></span> <span class='ocrx_word' id='word_1_410' title='bbox 1345 5331 1492 5396; x_wconf 83' lang='lat' dir='ltr'><strong>distinguit.</strong></span> 
     </span>
    </p>
   </div>
   <div class='ocr_carea' id='block_1_7' title="bbox 0 0 1770 5972">
    <p class='ocr_par' dir='ltr' id='par_1_10' title="bbox 0 0 1770 5972">
     <span class='ocr_line' id='line_1_44' title="bbox 0 0 1770 5972; baseline 0 2"><span class='ocrx_word' id='word_1_411' title='bbox 0 0 1770 5972; x_wconf 95' lang='lat' dir='ltr'><strong> </strong></span> 
     </span>
    </p>
   </div>
  </div>
 </body>
</html>
