3394 5976
329 625 404 699 784
857 643 1135 697 auorusnanrs
1542 643 1649 694 ars-er:

329 819 395 878 816
429 820 512 879 basis
541 839 651 899 magna
677 838 843 878 marmorea
869 819 963 895 longa
989 839 1026 880 m.
1052 818 1135 890 1,78‚
1161 818 1225 878 lata
1249 817 1333 892 130,
1361 817 1423 876 alta
1444 815 1529 888 oso,
1555 816 1654 872 effossa

373 924 400 981 d.
419 924 455 981 13
472 923 589 1000 Aprilis
612 924 643 982 in
665 923 714 982 via
737 920 768 981 S.
784 921 895 997 Angeli
918 925 948 978 ia
967 921 1122 980 ,Pasciteria
1143 941 1159 979 e
1181 923 1302 996 regione
1323 929 1428 998 portae
1449 918 1553 977 lateris
1575 919 1655 974 eccls-

373 1025 446 1084 eiae.
491 1023 635 1086 Servatur
656 1025 686 1084 in
709 1024 852 1084 cavaedio
875 1023 995 1084 aedium
1017 1031 1260 1083 conservatorum
1283 1023 1314 1081 in
1337 1021 1496 1099 Capitolio.

469 1234 499 1290 ia
518 1242 605 1308 parte
627 1233 773 1307 superiore
795 1230 873 1290 basis
896 1231 997 1290 titteris
1019 1229 1221 1290 recentioribus
1242 1227 1354 1289 saeculi
1367 1230 1434 1306 sere
1456 1230 1529 1286 tertii

859 1332 905 1391 uel
926 1337 1010 1392 etiam
1032 1337 1144 1409 quarti.-

852 1485 933 1529 Ol’VS
949 1501 955 1516 ·
970 1485 1134 1529 rtstcsa'rts
1151 1498 1159 1514 ·

512 1663 542 1718 in
564 1663 630 1735 ipsa
653 1657 717 1716 basi
740 1657 841 1716 litteris
862 1661 965 1715 aetatis
980 1659 1046 1731 sere
1067 1655 1195 1733 Auqueti
1215 1666 1266 1716 aut
1283 1659 1391 1733 paucis
1412 1659 1497 1714 cuais

909 1762 1096 1836 posterioria.-

809 1911 964 1956 cosusun
980 1927 987 1941 ·
1003 1896 1147 1957 11111111
1164 1915 1203 1956 ·1-·

895 2013 1115 2059 craccsoavn

338 2205 528 2267 Contulimus
556 2204 684 2265 Dressel
712 2213 743 2264 11
771 2221 837 2284 ego.
886 2203 1012 2264 Florelli
1039 2208 1142 2265 1011111
1170 2203 1249 2264 1878
1276 2223 1306 2280 p.
1325 2204 1399 2276 1333
1427 2203 1573 2264 Lanciani
1598 2201 1655 2260 buli.

337 2310 417 2369 arch.
440 2327 509 2368 com.
528 2308 606 2368 1878
629 2329 658 2386 p.
676 2308 725 2382 99,
743 2307 782 2366 14
803 2307 855 2383 qui
877 2307 914 2366 de
937 2307 1002 2366 basi
1023 2308 1145 2367 uberius
1168 2307 1303 2384 disputat
1325 2307 1394 2366 butt.
1418 2303 1656 2367 delitescitis

337 2431 367 2490 p.
388 2409 448 2471 209
461 2429 560 2488 seqq.;
582 2409 658 2471 Gori
681 2409 809 2469 archivio
823 2408 870 2467 ΙΙΙ
891 2428 921 2486 p.
938 2409 987 2468 46.

379 2513 428 2572 De
450 2522 550 2573 statua
572 2511 732 2573 Corneliae
753 2509 958 2571 Gracchorum
982 2511 1070 2570 1111111
1092 2511 1230 2572 dedicata
1252 2513 1290 2572 cl.
1313 2511 1432 2572 Plinius
1454 2531 1483 2570 n.
1498 2513 1528 2571 h.
1549 2511 1601 2582 34,
1615 2509 1658 2568 31:

339 2625 433 2676 extant
457 2615 574 2676 Catonis
597 2619 626 2675 iu
648 2633 770 2676 1111111
790 2615 1006 2690 vociferationes
1028 2613 1194 2674 mulieribus
1216 2623 1329 2674 statuae
1350 2615 1489 2674 Romanis
1509 2618 1540 2672 ira
1556 2616 1658 2690 procia·

340 2722 392 2777 ciis
409 2722 496 2794 porti,
518 2736 569 2778 uec
590 2727 683 2778 tamea
700 2720 797 2795 potuit
817 2717 951 2788 indidere,
974 2721 1123 2794 quominus
1144 2718 1252 2777 Romae
1273 2735 1383 2796 quoquc
1400 2725 1581 2794 ponerentur,
1601 2718 1659 2772 1111

343 2820 492 2880 Corneliae
520 2819 716 2881 Gracchorum
741 2823 843 2891 matri,
874 2838 948 2896 quae
968 2821 1033 2894 suit
1060 2820 1198 2896 Africani
1219 2823 1332 2897 prioris
1354 2820 1432 2896 filiu.
1477 2817 1582 2879 Sedens
1606 2817 1657 2874 laic

336 2927 435 2998 posita
459 2922 600 3000 calcisque
626 2926 688 2982 siae
714 2925 860 2980 amarantis
886 2923 1009 2997 iaaipuie
1036 2924 1067 2978 ia
1089 2921 1202 2980 Metelli
1223 2921 1345 2998 publica
1365 2923 1497 2998 porticu,
1523 2938 1593 2998 quae
1611 2929 1657 2976 stu-

342 3033 392 3082 tua
417 3043 492 3082 auae
517 3035 559 3084 est
584 3028 615 3082 tu
641 3025 776 3086 Octaviae
802 3024 941 3100 operibus.
964 3055 1005 3066 -
1031 3021 1081 3082 De
1103 3022 1254 3083 Tisicrate
1278 3025 1319 3084 id.
1346 3023 1366 3082 1.
1387 3043 1412 3082 c.
1434 3023 1484 3096 87,
1511 3023 1549 3083 cf.
1572 3021 1656 3080 Brunn

341 3125 538 3202 Ka'aatlerpes.
562 3129 576 3184 l
600 3147 631 3204 p.
646 3125 722 3198 4103
749 3125 786 3184 de
812 3127 958 3184 artificum
985 3125 1155 3184 nominibus
1181 3127 1335 3203 inscriptis
1357 3127 1387 3185 in
1409 3127 1533 3185 basibus
1558 3123 1657 3184 saeculo

341 3229 404 3288 lere
425 3231 514 3288 tertio
537 3235 715 3305 autquarta
738 3229 774 3288 de
796 3227 886 3288 Roesi
908 3229 977 3286 buli.
1001 3227 1081 3287 areb.
1104 3245 1180 3286 mun.
1205 3228 1286 3288 1874
1308 3247 1337 3305 p.
1356 3229 1415 3286 174
1428 3246 1491 3305 seq.
1513 3261 1552 3272 -
1574 3225 1657 3288 Soloe-

342 3330 443 3403 cismi,
471 3331 522 3408 qui
548 3339 594 3390 est
616 3331 646 3390 in
668 3331 725 3390 hac
745 3329 827 3401 basi,
853 3329 934 3406 quod
955 3331 1077 3388 verbum
1105 3339 1201 3389 mater
1226 3331 1370 3390 omissum
1392 3340 1452 3402 est,
1474 3331 1656 3390 Mommseuus

342 3433 420 3492 dixit
446 3432 505 3492 sibi
533 3451 625 3491 unum
654 3432 826 3508 exemplum
856 3440 960 3491 notum
987 3449 1068 3504 esse,
1098 3431 1178 3508 qaod
1207 3433 1324 3492 litterae
1349 3431 1478 3492 Latinae
1506 3433 1551 3492 vel
1577 3429 1656 3508 potius

345 3533 491 3594 Gothicae
516 3535 722 3614 suppeditent,
749 3533 879 3594 nominis
902 3534 1068 3594 Alexandri
1090 3533 1245 3594 Mamaeae
1266 3536 1314 3595 bis
1336 3535 1455 3614 repetiti
1478 3533 1574 3594 Getic.
1592 3552 1614 3591 c.
1628 3531 1654 3588 tt

344 3637 382 3695 ab
408 3637 527 3698 homine
554 3638 634 3697 sexti
661 3637 775 3697 saeculi
796 3637 935 3695 Iordane.
978 3637 1110 3695 Maxime
1137 3635 1228 3715 igitur
1255 3638 1363 3697 mirum
1389 3637 1472 3698 bona
1497 3647 1590 3698 aetate
1608 3631 1656 3709 opi·

344 3740 432 3800 ficem
453 3739 534 3818 quod
556 3739 647 3799 vellet
667 3740 710 3798 ita
731 3757 792 3799 non
813 3738 922 3800 Latina
944 3739 1140 3815 expressisse.

345 3966 409 4029 817
437 3970 636 4048 fragmentum
663 3987 862 4028 marmoreum
887 3969 997 4028 litteris
1025 3969 1100 4028 satis
1121 3969 1210 4029 bonis
1233 3971 1346 4030 saeculi
1367 3971 1430 4030 fera
1451 3971 1556 4048 primi,
1578 3983 1656 4042 reper-

386 4081 450 4130 tum
475 4073 507 4131 in
533 4071 721 4130 eruderanda
747 4071 836 4132 villae
858 4071 1115 4130 Aldobrandiniae
1140 4081 1227 4149 parte
1252 4093 1302 4146 ea,
1329 4092 1382 4153 par
1408 4091 1500 4150 quam
1527 4074 1656 4132 duceretur

387 4175 438 4233 via
458 4173 636 4246 Noeionale3
658 4184 795 4234 servatur
815 4174 847 4232 in
868 4173 1017 4232 tabulario
1041 4171 1211 4252 Capitolino
1234 4180 1265 4236 iu
1285 4175 1436 4253 repositis

349 4787 521 4864 Descripsit
542 4787 692 4864 Schmidt,
719 4789 832 4850 contuli
853 4799 1002 4868 ectypum.
1048 4787 1084 4850 0.
1104 4789 1140 4850 L.
1155 4789 1291 4850 Visconti
1313 4789 1382 4849 butt.
1405 4789 1487 4850 arel.
1509 4783 1654 4850 11111876

372 4892 467 4952 .111.

349 4911 370 4968 p
391 4991 526 5071 cogitari
551 5001 652 5071 potest
674 4993 710 5053 do
731 4995 831 5054 verbis
854 4993 902 5071 [ob
923 4995 1083 5072 r]edit[um]
1105 4995 1187 5054 illius
1210 4999 1277 5072 quei
1295 4993 1427 5072 arm[eis]
1530 4985 1654 5070 roobol

349 5094 540 5172 vindicarit}
589 5094 678 5170 Quod
706 5103 804 5156 autem
832 5107 863 5156 et
888 5101 900 5153 i
925 5097 1017 5172 longa
1042 5114 1189 5174 expressa
1213 5117 1271 5174 per
1293 5097 1511 5174 diphthongum
1538 5106 1573 5154 et
1592 5091 1653 5152 rubr

349 5198 419 5273 ipsa
450 5198 615 5276 antiquiori
644 5201 735 5258 aetati
764 5199 922 5258 convenire
950 5199 1099 5270 videntur,
1132 5217 1223 5275 quam
1250 5199 1371 5276 qualem
1396 5199 1514 5258 litterae
1542 5199 1653 5258 indicant

348 5299 556 5360 Mommssnue
577 5301 774 5380 probabiliter
795 5301 922 5362 coniecit
943 5301 1063 5360 titulum
1086 5318 1154 5362 esee
1176 5301 1357 5362 restitutum.
