3428 5970
341 601 415 675 418
946 619 1067 670 csvaa

405 796 454 856 85.
487 796 624 873 ccb(ors)
639 796 654 854 Ι
669 794 904 872 Helrc(tiorum)
921 801 951 852 et
965 792 1164 870 Brit(tcnum)
1188 793 1480 868 Aure(liancnsium)
1500 793 1551 852 sub
1568 794 1647 870 cnr[a)

344 897 369 958 C
373 942 528 959 ......
548 899 594 956 titi
618 897 723 974 s(ing).
747 897 828 974 [l]eg.
852 917 890 955 ex
912 915 974 954 cor.
1000 929 1040 940 -
1068 913 1149 963 prope
1170 893 1311 962 Oclningen
1330 897 1357 946 in
1377 913 1457 962 regno
1470 899 1647 963 ll'uertemberg.

343 1002 449 1054 Bramb.
472 1003 551 1054 1559.
573 1003 653 1052 1560.

343 1092 422 1152 Nam
444 1093 475 1151 iu
497 1093 544 1152 his
566 1093 710 1150 incertum
733 1101 780 1150 est
807 1103 904 1150 utrum
931 1091 1118 1150 cornicularii
1147 1110 1185 1148 an
1212 1089 1377 1148 cornicines
1400 1099 1649 1148 commemorentur.

427 1195 491 1253 lam
514 1196 540 1253 si
562 1195 743 1271 quaerimus,
765 1213 826 1271 qua
847 1195 962 1252 ratione
985 1193 1171 1254 cornicularii
1189 1213 1242 1270 per
1256 1199 1358 1270 partes
1375 1193 1511 1250 diversas
1527 1194 1650 1251 exercitus

345 1297 472 1357 Romani
496 1298 645 1356 distributi
667 1297 786 1368 suerint,
808 1298 971 1356 cavendum
995 1307 1049 1368 est,
1073 1315 1110 1354 ne
1132 1297 1176 1356 eis
1199 1295 1296 1353 titulis
1319 1295 1513 1370 decipiamur,
1534 1297 1652 1371 equibus

346 1407 428 1458 certa
449 1400 526 1458 ratic
548 1399 768 1458 distributionis
795 1399 911 1458 elucere
938 1399 1033 1474 primo
1062 1399 1166 1457 obtutu
1196 1397 1319 1456 videtur.
1363 1395 1443 1454 Nam
1471 1415 1535 1454 cum
1561 1399 1652 1456 titulun
1696 1429 1697 1436 ι

346 1501 563 1560 Carnuntinum
579 1521 608 1560 n.
622 1501 659 1559 67
681 1501 752 1577 (ΙΙΙ,
764 1500 860 1576 4452)
882 1501 1037 1578 posuerint
1052 1502 1142 1560 trium
1157 1501 1308 1577 legionum
1323 1507 1385 1558 tres
1401 1499 1584 1558 cornicularii
1602 1519 1651 1558 cum

346 1604 442 1662 tribus
462 1604 779 1663 commentariensibus
799 1611 829 1662 et
848 1603 970 1681 triginta
992 1603 1241 1680 speculatoribus,
1269 1603 1326 1660 boc
1347 1601 1466 1678 quidem
1490 1611 1594 1661 certum
1611 1619 1654 1670 est,

346 1707 376 1764 in
399 1707 524 1782 singulis
546 1706 711 1782 legionibus
731 1705 864 1781 singulos
884 1715 912 1764 et
931 1705 1024 1764 denos
1040 1707 1142 1766 fuisse.
1180 1707 1224 1764 At
1237 1706 1338 1764 obstat
1353 1705 1456 1763 titulus
1472 1705 1654 1763 Tarraconen·

347 1808 390 1866 sis
405 1829 432 1866 n.
451 1809 468 1867 6
486 1809 540 1882 (Π,
556 1807 662 1884 4122),
678 1827 764 1885 quem
780 1810 879 1884 ipsum
895 1825 1014 1884 quoque
1030 1808 1220 1868 cornicularii
1233 1827 1300 1866 cum
1316 1809 1621 1866 commentariensibus
1634 1824 1655 1865 et

347 1911 586 1986 speculatoribus
608 1919 784 1988 posuerunt;
807 1919 837 1969 et
859 1911 888 1968 bi
910 1910 1029 1987 quidem
1052 1911 1153 1970 decem
1173 1919 1252 1983 sunt,
1274 1911 1556 1970 commentarienses
1576 1921 1656 1968 auten

347 2024 378 2071 et
405 2013 594 2072 cornicularii
624 2013 694 2072 bini.
745 2012 844 2071 Huius
872 2012 1056 2072 diversitatis
1085 2033 1120 2071 ea
1145 2031 1238 2072 causa
1265 2021 1324 2084 est,
1354 2013 1449 2088 quod,
1481 2014 1530 2089 qui
1557 2013 1655 2070 titulun

347 2117 554 2175 Pannonicum
570 2115 728 2174 Caracallo
751 2123 923 2192 posuerunt,
946 2116 1135 2174 cornicularii
1158 2115 1310 2192 legionum
1331 2115 1480 2187 dicuntur,
1502 2116 1551 2191 qui
1564 2116 1656 2190 Hispa·

347 2221 481 2277 niensem
509 2215 546 2291 Q.
574 2217 673 2276 Hedio
701 2216 843 2276 Lolliano
870 2217 969 2294 legato
997 2219 1205 2294 Augustorum
1234 2238 1278 2294 pr.
1301 2235 1346 2292 pr.
1373 2219 1545 2295 provinciae
1565 2217 1658 2292 Hispa-

348 2323 415 2380 niae
436 2320 592 2390 citerioris,
614 2319 753 2378 dicuntur
774 2319 961 2378 cornicularii
983 2320 1057 2378 eiua.
1096 2318 1185 2393 Quod
1201 2320 1345 2378 siveram
1361 2331 1415 2393 est,
1432 2321 1511 2396 qnod
1527 2320 1658 2396 probabile

348 2424 474 2495 videtur,
490 2423 695 2482 beneficiarios
708 2431 737 2480 et
749 2423 962 2482 cornicularios
978 2424 1030 2498 qui
1046 2422 1220 2500 simpliciter
1234 2422 1383 2500 legionum
1400 2423 1537 2482 dicuntur
1547 2423 1598 2480 hoc
1610 2441 1657 2478 mn·

350 2546 420 2585 nere
436 2525 515 2602 apud
530 2526 647 2601 legatos
661 2525 812 2600 legionum
827 2527 946 2584 functos
959 2544 1037 2598 esse,
1054 2535 1171 2600 praeter
1182 2524 1258 2582 duos
1271 2525 1350 2595 illos,
1366 2526 1418 2600 qui
1431 2530 1461 2582 in
1474 2525 1559 2582 titulo
1570 2525 1658 2583 Tarm·

349 2629 470 2687 conensi
493 2634 773 2698 commemorantur,
800 2627 1014 2685 cornicularius
1040 2627 1133 2704 legati
1156 2627 1286 2703 Augusti
1308 2647 1353 2703 pr.
1376 2646 1420 2701 pr.
1446 2646 1521 2686 unus
1548 2629 1658 2684 coruicn-
1698 2651 1699 2656 ¹

350 2732 443 2790 larius
470 2731 561 2807 legati
590 2731 621 2787 in
648 2729 765 2805 legione
787 2729 845 2787 Vll
867 2731 1000 2806 gemina,
1028 2731 1059 2788 in
1087 2730 1246 2788 Pannonia
1273 2737 1372 2787 autem
1401 2739 1522 2806 praeter
1549 2729 1658 2805 singulos

350 2834 535 2909 singularum
556 2833 706 2908 legionum
730 2831 789 2890 duo
812 2832 858 2889 vel
882 2833 982 2907 plures
1005 2832 1194 2891 cornicularii
1217 2831 1308 2909 legati
1323 2832 1456 2907 Augusti
1472 2852 1515 2908 pr.
1532 2853 1573 2908 pr.
1588 2832 1659 2888 luisse

350 2935 473 3012 putandi
493 2945 571 2994 sunt.
607 2934 686 2993 Nam
709 2934 824 3010 legatos
846 2935 1052 3010 Augustorum
1074 2934 1175 3011 plures
1198 2952 1286 3010 quam
1311 2933 1447 3009 singulos
1470 2935 1659 2992 cornicularius

350 3037 493 3096 habuisse
508 3037 594 3094 docet
608 3037 696 3094 ctiam
713 3036 813 3094 titulus
829 3037 1030 3111 Aquincensis
1051 3057 1079 3094 n.
1096 3038 1113 3094 3
1131 3035 1204 3111 (Ill,
1222 3035 1328 3111 3543),
1350 3037 1380 3093 in
1396 3054 1456 3110 quo
1472 3055 1661 3094 commemora·

351 3149 400 3198 tur
420 3135 559 3197 ‘officium
582 3137 845 3196 corniculariorum
868 3134 1051 3197 consularis'.
1088 3138 1195 3197 Restat
1213 3138 1316 3196 titulus
1330 3137 1578 3198 Lambaesitanus
1598 3159 1622 3197 n.
1634 3137 1659 3192 ii

353 3241 454 3316 (Vlll,
470 3240 575 3316 2586),
597 3241 628 3298 in
650 3259 709 3316 quo
731 3242 808 3298 inter
829 3259 895 3312 eos,
923 3241 974 3316 qui
1001 3241 1147 3316 imagines
1170 3259 1271 3298 sacras
1294 3259 1399 3299 aureas
1422 3242 1565 3312 fecerunt,
1584 3242 1659 3316 princ

352 3343 419 3400 loco
446 3349 657 3400 enumerantur
682 3343 741 3400 duo
769 3343 968 3401 cornicularii.
1022 3341 1089 3400 Hos
1115 3344 1218 3401 ambos
1245 3343 1344 3418 legato
1371 3363 1415 3418 pr.
1439 3363 1485 3420 pr.
1515 3343 1660 3420 provinciae

353 3443 513 3503 Numidiae
541 3444 675 3502 addictos
704 3445 797 3503 fuisse
825 3445 878 3502 vix
905 3445 1096 3516 crediderim;
1124 3465 1191 3503 narn
1223 3445 1284 3502 veri
1314 3445 1411 3503 simile
1439 3455 1495 3516 est,
1522 3445 1660 3522 quodiam

354 3565 445 3623 supra
471 3547 548 3618 dixi,
575 3565 627 3605 ens
654 3546 757 3605 eadem
785 3548 902 3604 ratione
927 3547 1101 3606 distributos
1124 3547 1216 3606 luisse
1239 3565 1300 3623 qua
1321 3551 1606 3618 commentarienses,
1623 3545 1660 3621 qui

353 3659 525 3724 sequuntur.
570 3646 705 3721 Quorum
732 3649 809 3706 alter
833 3649 1108 3707 commentariensis
1135 3649 1351 3726 trib(unorum)
1378 3651 1450 3722 fuit,
1481 3651 1555 3708 alter
1582 3648 1660 3726 legati.

353 3751 392 3810 Et
418 3753 558 3827 quoniam
587 3751 616 3808 in
645 3751 749 3809 Africa
775 3769 834 3808 una
855 3758 970 3808 tautum
992 3751 1071 3828 legio
1100 3762 1200 3810 castra
1226 3752 1343 3824 babuit,
1379 3753 1427 3810 cui
1462 3751 1575 3829 legatus
1600 3754 1660 3823 sug.

352 3873 397 3930 pr.
418 3873 462 3931 pr.
483 3853 656 3929 provinciae
675 3851 834 3911 Numidiae
855 3854 921 3928 ipse
944 3863 1089 3929 praeerat,
1112 3853 1238 3929 cogitari
1258 3861 1357 3930 potest
1378 3873 1446 3912 eum
1468 3863 1585 3930 propter
1604 3854 1661 3908 banc

352 3957 448 4030 ipsam
473 3973 594 4013 causam
618 3975 676 4012 uno
699 3954 896 4012 corniculario
918 3963 1089 4014 contentum
1112 3955 1216 4015 fuisse.
1260 3955 1314 4016 Sin
1341 3956 1398 4014 lroc
1419 3957 1494 4014 viris
1517 3957 1604 4014 doctis
1623 3955 1660 4010 ha·

354 4077 419 4115 rum
442 4077 539 4115 rerum
562 4057 666 4134 peritis
686 4075 746 4114 non
762 4059 915 4133 probatur,
938 4057 1025 4116 etiam
1049 4058 1109 4116 alia
1129 4059 1206 4116 ratio
1228 4058 1363 4116 adhiberi
1386 4069 1488 4134 potest
1508 4057 1660 4136 explicando

354 4177 447 4235 parvo
470 4179 592 4217 numero
615 4159 885 4230 corniculariorum,
908 4161 957 4234 qui
988 4161 1018 4216 iu
1047 4161 1133 4217 titulo
1155 4159 1399 4230 Lambaesitano,
1421 4161 1458 4219 de
1480 4179 1540 4237 quo
1560 4161 1660 4236 agimus.

354 4269 461 4320 exstat.
507 4259 584 4318 Nam
613 4262 643 4318 in
671 4279 707 4319 eo
734 4281 830 4338 neque
855 4279 959 4320 omnes
982 4262 1164 4338 principales
1186 4265 1277 4321 totius
1298 4263 1427 4338 legionis
1454 4281 1548 4339 neque
1572 4279 1660 4328 eorum,

355 4381 430 4438 quae
450 4363 645 4440 reperiuntur,
668 4381 808 4440 generum
832 4383 937 4422 omnes
959 4369 1184 4422 commemorari
1199 4365 1285 4423 docet
1299 4383 1440 4423 numerus
1456 4367 1660 4442 speculatorum.

355 4465 406 4538 qui
429 4484 488 4522 non
510 4464 612 4524 decem
638 4475 709 4525 sunt
731 4466 784 4524 sed
805 4475 943 4542 quatuor.
987 4467 1069 4542 Ergo
1096 4468 1123 4526 si
1151 4489 1166 4524 e
1194 4467 1433 4544 speculatoribus
1460 4485 1515 4526 sex
1541 4469 1660 4529 aluerunt,

356 4566 419 4624 lieri
435 4568 541 4642 potuit,
563 4576 596 4625 nt
613 4569 701 4626 etiam
718 4587 733 4626 e
749 4569 954 4627 corniculariie
978 4587 1053 4627 unns
1076 4579 1105 4626 et
1127 4569 1201 4628 alter
1224 4569 1260 4627 ad
1283 4569 1430 4645 imagines
1452 4589 1556 4628 aureas
1577 4569 1659 4626 lacien-

355 4667 409 4726 das
430 4669 504 4728 nihil
527 4669 675 4728 conferret
685 4670 723 4746 ¹).

438 4770 474 4828 In
496 4771 604 4829 militia
626 4773 741 4830 urbana
762 4781 791 4831 et
812 4774 954 4849 praelecti
980 4781 1010 4830 et
1035 4773 1146 4831 tribuni
1174 4781 1204 4831 et
1230 4773 1350 4850 vigilum
1374 4777 1593 4850 subpraefectus
1612 4789 1659 4830 ror·

355 4873 517 4931 nicularins
540 4874 715 4946 habueruut,
738 4877 789 4952 qui
811 4877 891 4950 apud
914 4877 1049 4952 singulos
1073 4877 1183 4954 singuli
1205 4877 1298 4936 luisse
1321 4876 1469 4934 videntur.
1506 4875 1580 4934 Nam
1599 4868 1656 4949 quod

453 5123 475 5187 ¹)
505 5125 548 5175 Ab
567 5125 621 5187 his,
647 5141 712 5191 quae
732 5127 854 5194 exposui,
879 5129 1005 5177 sententia
1024 5127 1195 5193 Marquardtii
1219 5144 1272 5178 nou
1295 5129 1405 5178 multum
1429 5129 1529 5191 differt;
1549 5129 1587 5192 qui
1607 5119 1656 5187 apud

357 5233 414 5266 eum
435 5215 689 5286 (Stratacerwaltaug
709 5219 745 5280 11,
771 5236 796 5285 p.
810 5218 874 5280 529)
894 5221 1001 5270 affertur
1020 5221 1050 5271 C.
1071 5222 1167 5272 Selliua
1186 5221 1284 5271 Primio
1304 5223 1458 5272 cornicular.
1477 5221 1526 5286 leg.
1544 5221 1580 5270 Il]
1598 5221 1654 5276 Aua,

356 5311 400 5359 Or.
422 5311 492 5360 3522
514 5305 707 5375 =v1266⁷·,
728 5329 786 5363 eum
804 5313 898 5363 salsum
918 5329 973 5363 esse
993 5314 1045 5362 iam
1065 5328 1142 5379 supra
1161 5313 1371 5364 commemorari.
