3394 5976
202 2128 720 2244 OBSERVATIONIIS
759 2129 1236 2244 EPIGRAPHIOAII.

626 2621 805 2716 XXIII.

93 2835 369 2936 SENATVS
400 2839 792 2936 CONSVLTVM
820 2839 1342 2934 ADRAMYTENVM.

72 3109 201 3256 Senatus
228 3197 359 3256 consulti
381 3214 451 3274 para
481 3197 557 3255 infra
580 3197 691 3274 scripta
714 3197 821 3274 legitur
841 3197 872 3254 in
895 3195 998 3256 tabula
1019 3195 1080 3254 alta
1100 3215 1139 3254 m.
1164 3195 1245 3268 0.70,
1268 3195 1377 3255 latae.

72 3299 191 3370 n.0.30‚
218 3299 330 3358 litteris
355 3299 426 3358 altis
453 3319 491 3358 m.
514 3299 600 3372 0.01,
627 3319 703 3376 quae
733 3307 863 3374 prostat,
893 3311 926 3356 ut
952 3299 995 3358 ait
1021 3297 1131 3370 editor,
1165 3296 1193 3354 ἒν
1218 3299 1260 3374 τῷ
1284 3288 1376 3376 τοίχῳ

70 3389 203 3476 degeneris*
226 3391 349 3469 natatione
370 3393 446 3462 ἒντδς
467 3403 519 3458 τοῦ
543 3392 636 3470 κη’που
658 3401 710 3458 τοῦ
728 3390 957 3470 'Atei-Kastron
981 3397 1008 3458 ἓν
1030 3402 1071 3476 τῷ
1092 3402 1140 3458 νῦν
1158 3391 1377 3483 Ἀδραμυπεῖῳ.

69 3496 146 3560 Edidit
165 3501 204 3562 G.
223 3503 353 3562 Earinus
375 3505 504 3580 primum
526 3505 556 3560 in
580 3503 769 3578 ephemeride
792 3523 819 3577 q.
844 3503 871 3558 d.
892 3493 985 3558 ’tetdo
1007 3523 1034 3560 n.
1054 3503 1122 3574 Ill,
1150 3501 1257 3560 deinde
1278 3503 1308 3560 in
1331 3521 1377 3561 re·

68 3597 201 3664 lotionibus
218 3602 391 3682 Smyrnaeis
412 3607 541 3672 μουσεῖον
562 3595 609 3662 ucri
630 3595 817 3673 βιβλιοθήκῃ
841 3605 893 3673 τῆς
914 3599 1110 3680 εὖαγιγελικῆς
1129 3605 1245 3680 σχολῆς
1267 3605 1373 3662 selsel

68 3698 204 3779 (Smyrnae
227 3707 321 3782 1875)
345 3727 373 3783 p.
397 3707 465 3778 137,
488 3708 614 3783 denique
634 3707 819 3765 emendatius
841 3707 871 3764 in
892 3707 958 3780 eph.
974 3700 1095 3788 ’Όμηρος
1117 3705 1227 3782 (1877)
1250 3725 1277 3782 p.
1300 3705 1374 3777 396;

66 3820 166 3875 quarum
188 3811 279 3868 trium
303 3809 466 3868 editionum
489 3811 564 3867 duas
586 3819 754 3886 postremas
779 3809 848 3866 ridi.
889 3808 1039 3883 Repetivit
1060 3809 1128 3866 inde
1151 3807 1208 3865 Th.
1232 3807 1374 3866 Homolle

67 3903 88 3960 In
114 3910 292 3983 ephemeride
324 3913 499 3970 Atheniensi
528 3911 657 3968 Bulletr'n
691 3912 726 3968 do
758 3912 1001 3985 correspondente
1033 3910 1189 3986 tetlenique
1215 3910 1232 3968 2
1262 3910 1372 3986 (1878)

66 4025 85 4078 p·
101 4009 148 4070 lta
161 4031 222 4089 aeq.
250 4013 443 4090 Descriptum
467 4013 503 4070 ad
527 4024 666 4090 ectypum
690 4014 879 4072 chartaceum
903 4015 932 4070 in
956 4030 1059 4070 museo
1084 4013 1249 4089 Smyrnaeo
1272 4013 1372 4070 adser-

66 4120 144 4171 vatum
165 4117 246 4174 misit
267 4116 340 4174 mihi
363 4125 482 4174 curator
504 4116 567 4174 eiua
590 4115 683 4174 musei
701 4116 739 4172 Α.
756 4115 970 4190 Papadopulus
985 4113 1162 4172 Kerameus.
1181 4147 1218 4157 —-
1235 4113 1283 4174 De
1306 4115 1373 4173 loeo

65 4208 169 4274 Earinus
191 4225 292 4276 monet
306 4216 517 4296 Adramytium
533 4215 612 4294 quod
632 4236 711 4276 nuno
727 4229 772 4275 est
794 4235 853 4275 non
873 4217 913 4274 ibi
935 4217 1026 4275 situm
1046 4235 1113 4276 esse
1134 4217 1182 4276 ubi
1204 4216 1261 4275 fnit
1276 4217 1372 4275 Adra-

65 4317 163 4388 mytium
186 4331 284 4378 vetus:
315 4321 366 4389 τῆς
387 4312 528 4402 ἀρχαίας,
549 4319 601 4391 ait,
623 4313 660 4376 rc}
682 4309 788 4401 ipsimet
809 4309 990 4388 ἆνεκᾶλυψτι
1011 4313 1087 4376 κατὰ
1109 4311 1140 4376 rt
1167 4319 1245 4377 1870
1266 4321 1306 4400 21}
1326 4313 1370 4406 o‘ip.

64 4409 156 4494 περῖπου
181 4415 250 4503 πρός
277 4412 354 4479 vo'rov
382 4422 434 4478 rod
461 4422 509 4477 νῦν
531 4414 750 4502 Ἀδραμυττειόυ
777 4443 824 4478 και
851 4420 872 4500 ff
900 4411 942 4500 ὥς.
966 4415 1076 4502 μακρὰν
1105 4423 1156 4476 τοῦ
1177 4415 1293 4481 ἐπινείου
1322 4427 1372 4482 τοῦ

62 4517 181 4603 Κεμεριοῡ,
204 4517 282 4582 κατὰ
308 4516 357 4594 τὴν
379 4514 463 4581 θέσιν
484 4513 670 4604 Καρεὲ-Τιές,
697 4525 796 4598 itaque
818 4521 941 4580 dubium
969 4541 1035 4582 esse
1058 4526 1370 4584 senatusconsultum

63 4615 105 4677 hoc
127 4641 191 4684 num
218 4645 258 4684 ex
285 4625 441 4684 ruderibus
465 4626 571 4683 veteris
595 4625 763 4702 Adramytii
788 4625 901 4682 venerit
928 4643 964 4682 au
988 4645 1025 4682 ex
1053 4625 1113 4684 elio
1135 4626 1236 4704 aliquo
1258 4628 1369 4704 oppido

63 4735 147 4782 tremo.

126 4831 254 4908 Apparet
276 4831 405 4908 lapidem
429 4847 521 4905 supra
542 4840 572 4886 et
594 4829 672 4888 infra
694 4829 820 4888 fraetnnr
847 4847 925 4900 esse,
951 4847 1131 4904 quamquam
1159 4848 1251 4906 supra
1272 4851 1370 4910 panea

62 4921 162 4990 deficere
182 4933 334 5003 ridentum
362 4942 516 5009 praeterea
542 4950 647 4990 versus
674 4932 781 5008 integri
808 4944 878 4990 sunt
900 4932 998 4988 atine
1025 4949 1127 4990 omnes
1150 4933 1224 5006 fere,
1248 4953 1266 4992 a
1287 4936 1368 5012 prin-

62 5027 122 5100 cipio
141 5035 205 5095 inde
226 5055 244 5093 a
265 5055 290 5091 v.
315 5036 376 5093 iere
400 5033 448 5094 26.
492 5032 626 5092 Litterae
647 5034 677 5093 in
709 5034 835 5110 singulis
857 5033 996 5091 versibus
1023 5042 1091 5092 sunt
1119 5034 1277 5095 fueruntve
1299 5037 1367 5114 plus

62 5128 139 5190 ninus
159 5136 368 5196 duodetriceni.
413 5135 539 5198 Secutus
562 5153 629 5195 eum
651 5135 839 5212 potissimum
863 5134 1104 5213 Papadopulum3
1126 5135 1231 5194 Earini
1254 5141 1366 5198 subieci

62 5231 151 5292 variam
173 5237 344 5310 lectionem,
371 5238 483 5297 seilicet
504 5247 595 5315 prout
617 5238 646 5296 in
669 5237 799 5296 editione
822 5237 885 5296 eius
914 5238 1001 5296 tertia
1022 5238 1131 5316 legitur
1153 5238 1283 5297 secunda
1302 5240 1365 5316 ple·

62 5348 161 5411 rumque
181 5341 301 5400 omissa.
344 5339 428 5399 Haec
450 5350 548 5400 eutem
572 5349 642 5398 sunt
663 5359 740 5416 (luae
762 5349 977 5398 remanserunt.
