3394 5976
396 683 693 736 ossannnmonss
720 682 1007 742 arrannrnucan.
1294 661 1366 732 249

62 866 190 914 enumeret
211 867 283 932 quot
305 858 438 934 praemia
459 856 615 922 rettulerit,
646 856 697 914 sed
719 856 807 914 etiam
830 856 947 930 quoties
969 855 1084 914 frustra
1105 855 1221 924 exierit,
1244 855 1368 912 summis

62 960 89 1016 iis
105 959 259 1017 coniunctis
282 959 477 1016 certaminum
499 975 639 1016 numerus
662 957 808 1014 efficiatur
823 975 945 1016 necesse
965 967 1020 1027 est,
1041 965 1071 1014 et
1085 975 1153 1014 vere
1170 956 1297 1014 efficitur
1312 955 1367 1014 sic:

458 1095 529 1152 vnn
657 1077 661 1086 '
859 1093 936 1152 mea

460 1196 604 1254 secundas
628 1195 695 1254 tulit
877 1195 933 1254 861

460 1299 563 1355 tertias
587 1299 654 1356 tulit
877 1297 936 1356 576

430 1423 436 1438 ·
459 1413 582 1475 quartas
921 1401 933 1456 l

459 1503 570 1559 frustra
592 1502 655 1558 exit
858 1502 934 1560 1351

460 1604 545 1678 bigas
568 1603 639 1660 vicit
919 1605 936 1660 3

460 1705 496 1761 ad
519 1705 651 1762 albatum
921 1706 933 1760 l

461 1807 498 1865 ad
521 1807 674 1884 prasinum
919 1806 936 1863 2

857 1945 937 2004 4257

62 2057 126 2115 Haec
147 2067 292 2126 extrema,
319 2056 385 2112 dico
413 2055 510 2112 locum
539 2055 631 2112 tituli:
656 2067 808 2132 practerea
830 2057 912 2130 bipes
935 2053 960 2112 rit
981 2057 1048 2112 vicit
1070 2055 1132 2124 ΙΙΙ,
1161 2056 1201 2112 ad
1222 2055 1322 2114 albato
1344 2055 1371 2127 Ι,

62 2161 90 2215 orl
113 2164 233 2235 prasina
256 2160 308 2228 ΙΙ,
341 2177 441 2214 verum
469 2167 515 2215 est
549 2175 653 2234 parum
683 2157 829 2234 intellegi,
868 2167 900 2214 ut
927 2157 995 2214 item
1022 2175 1099 2231 quae
1127 2157 1308 2232 praecedunt
1334 2157 1371 2214 dc

61 2263 252 2339 quadrigarum
285 2260 498 2318 certaminibus
524 2269 594 2336 post
620 2259 711 2316 verba
735 2261 854 2332 frustra
884 2262 939 2316 anit
964 2257 1145 2317 oeCCCLI:
1178 2260 1219 2317 od
1248 2268 1373 2316 venetum

62 2367 114 2418 ricit
134 2363 179 2432 X;
214 2365 255 2420 od
283 2363 410 2419 albatum
436 2365 505 2417 vicit
530 2359 681 2417 LXXXI
707 2361 778 2436 quid
811 2361 980 2436 significent
1008 2361 1151 2418 incertum
1179 2370 1234 2418 est.
1281 2361 1372 2418 Errat

63 2473 138 2520 tamen
165 2465 228 2522 sine
258 2464 350 2521 dubio
373 2462 588 2520 Fricdlaender
610 2483 638 2538 p.
655 2462 713 2519 497
738 2462 924 2520 adelbotum
948 2481 1007 2518 non
1034 2461 1153 2520 differre
1174 2463 1310 2520 iudicans
1334 2463 1371 2520 ab

63 2584 88 2620 eo
109 2567 182 2640 quod
209 2575 258 2624 est
280 2569 310 2622 in
326 2567 457 2638 factione
479 2563 588 2635 albata,
617 2583 682 2620 cnm
709 2563 765 2620 boc
792 2571 897 2639 postea
923 2563 1040 2620 demum
1063 2571 1204 2638 sequatur
1226 2563 1371 2638 (prasinis

64 2667 184 2738 costr,
205 2671 313 2726 venetis
338 2664 431 2736 CCV,
454 2667 559 2722 albatis
582 2663 739 2736 LXXXI,
770 2674 801 2722 nt
823 2665 970 2740 reliquum
994 2665 1184 2722 victoriarum
1207 2685 1371 2736 nnmerum,

62 2771 100 2841 qni
114 2781 154 2828 est
168 2766 383 2836 DCCCCLX,
405 2764 547 2844 ‘agitator
568 2767 706 2824 factionis
722 2762 869 2825 russatae’
892 2767 1019 2824 russatis
1034 2767 1235 2842 reportavisse
1258 2767 1372 2824 intelle·

62 2871 151 2944 gatar).
194 2872 294 2928 Irnrno
321 2889 386 2926 cum
415 2870 595 2945 praecedant
624 2869 789 2927 certamina
815 2869 878 2927 siue
904 2869 1037 2945 praemio
1059 2881 1190 2945 peracta,
1217 2869 1372 2944 probabile

62 2981 96 3025 est
113 2973 163 3030 boc
185 2971 351 3049 significari
375 2970 475 3027 decem
504 2989 605 3028 eorum
630 2969 764 3027 Dioclem
792 2971 835 3028 ita
856 2970 1034 3046 perdidisse,
1062 2981 1094 3027 ut
1120 2971 1253 3046 reliquos
1280 2971 1374 3048 agita·

62 3081 123 3130 toros
142 3084 209 3149 post
235 3092 267 3132 se
290 3073 480 3148 relinqueret,
505 3080 675 3130 venetorum
696 3081 794 3130 autem
816 3072 900 3130 solus
920 3091 985 3128 curm
1006 3080 1161 3147 superaret
1181 3082 1210 3130 et
1230 3073 1272 3130 sic
1292 3073 1374 3130 dein-

65 3191 125 3248 ceps.
159 3177 228 3234 Hoc
249 3163 419 3233 indubium
436 3175 536 3231 vocari
552 3192 609 3230 non
625 3181 733 3250 potest,
756 3191 823 3230 cum
839 3173 1019 3247 praecedant
1034 3191 1158 3231 sommae
1174 3177 1334 3250 quadrigae
1345 3174 1373 3250 ²)
1447 3231 1450 3238 ,

67 3291 122 3348 qnae
147 3278 287 3336 dicuntur
309 3275 482 3344 certamina,
510 3276 577 3332 loco
599 3275 651 3350 qni
673 3274 779 3349 incipit
800 3274 947 3331 vocabulo
966 3286 1116 3350 praetereo
1138 3293 1216 3351 quae
1238 3277 1273 3333 dc
1297 3277 1374 3354 bigis

65 3377 178 3437 dicuntur
204 3397 267 3436 non
294 3377 451 3436 referenda
474 3395 540 3434 esse
566 3378 643 3434 inter
665 3375 829 3434 certamina
850 3385 919 3434 ante
941 3375 1028 3447 dicta,
1058 3378 1110 3434 sed
1138 3396 1271 3436 seorsum
1294 3397 1374 3435 com-

63 3481 181 3552 putanda.
227 3477 420 3556 Significatur
441 3489 538 3536 autem
562 3479 725 3536 secundum
749 3497 785 3535 ea
806 3496 882 3552 qnae
904 3477 1034 3535 diximus
1054 3478 1131 3553 bigis
1154 3499 1220 3535 eum
1243 3489 1374 3537 certasse

64 3583 158 3652 sexies,
192 3582 304 3640 ricisce
327 3590 386 3650 ter,
420 3592 465 3638 ter
498 3581 607 3638 victum
641 3598 709 3637 esse
741 3580 779 3636 ab
812 3579 1009 3654 agitatoribus
1043 3580 1204 3637 lactionum
1238 3581 1373 3638 aliarum.

64 3677 136 3751 Quod
159 3704 219 3742 non
248 3683 368 3757 saepius
391 3683 470 3759 bigis
498 3681 637 3752 cucurrit,
660 3681 727 3738 ideo
749 3681 879 3738 fortasse
902 3681 981 3750 fecit,
1007 3682 1088 3756 qnod
1112 3691 1162 3738 aut
1183 3701 1245 3739 non
1266 3682 1374 3740 licebat

63 3794 103 3840 ant
126 3805 228 3860 parurn
255 3786 412 3842 honestum
440 3784 595 3842 videbatur
624 3784 650 3840 ei
679 3783 729 3858 qui
758 3783 903 3858 quadriga
930 3783 1112 3840 cucurrisset
1138 3783 1175 3840 ad
1202 3784 1302 3858 bigam
1329 3804 1374 3842 re·

63 3883 125 3956 dire;
151 3907 220 3946 nam
248 3906 266 3944 a
291 3886 369 3962 bigis
396 3885 519 3961 aurigas
552 3885 699 3962 incepisse
726 3893 756 3942 et
787 3885 865 3941 ratio
898 3885 1004 3942 suadet
1036 3893 1066 3941 et
1091 3885 1170 3959 qnod
1203 3885 1312 3961 legitur
1344 3886 1374 3942 in

64 3983 160 4046 Dioclis
187 3988 276 4047 titulo
302 4007 329 4044 v.
354 3987 389 4044 13
417 4005 472 4062 qno
501 4005 576 4043 anno
600 3991 723 4062 primurn
749 3987 901 4062 quadrinis
932 3991 1023 4044 rietur
1048 3983 1190 4060 sustinul)
1209 4018 1251 4028 -
1271 3985 1375 4044 Fried-

62 4085 166 4148 laender
187 4110 217 4166 p.
234 4089 293 4146 497
318 4107 383 4146 cnm
411 4108 469 4145 non
491 4087 691 4146 intellexisset
713 4107 867 4145 numerum
894 4088 1088 4145 certaminum
1116 4088 1144 4144 in
1168 4088 1235 4162 ipso
1260 4087 1375 4146 Dioclis

64 4189 162 4248 titulum
178 4191 377 4268 perscriptum
394 4207 470 4258 csse,
491 4189 548 4245 boc
568 4198 646 4246 recte
662 4189 734 4246 vidit
749 4209 816 4246 eum
832 4189 909 4246 effici
926 4207 1016 4265 posse
1031 4208 1067 4246 ex
1090 4189 1221 4246 numeris
1242 4189 1374 4264 reliquia,

63 4307 192 4350 summam
222 4299 321 4350 autem
354 4291 474 4367 collegit
502 4275 641 4360 VCCLI,
676 4290 791 4348 scilicet
819 4291 953 4366 reliquos
985 4307 1125 4348 numeros
1157 4299 1237 4348 recte
1266 4290 1375 4366 posuit,

63 4411 109 4448 non
130 4393 312 4472 computavit
333 4411 387 4450 sex
410 4393 573 4450 certamina
594 4393 740 4467 bigarum,
763 4393 948 4468 computavit
970 4390 1047 4468 qnod
1065 4391 1188 4450 Diocles
1212 4391 1253 4464 (r.
1270 4391 1304 4466 8)
1326 4388 1378 4448 ‘ad

63 4493 176 4554 bonorem
194 4499 270 4552 venit
286 4488 343 4565 ω’,
366 4495 455 4568 quasi
478 4494 558 4551 mille
580 4495 653 4551 haec
676 4493 839 4550 certamina
861 4493 891 4551 in
914 4494 1038 4569 reliquis
1061 4513 1120 4551 non
1142 4493 1375 4568 comprehende-

63 4609 157 4654 rentur.
202 4600 243 4654 At
268 4596 421 4652 evidenter
442 4597 515 4652 haec
542 4595 633 4652 verba
660 4594 691 4651 id
718 4596 816 4672 ipsum
840 4594 1019 4672 significant,
1047 4595 1127 4670 quod
1150 4593 1245 4653 Gutta
1266 4595 1296 4650 in
1320 4612 1376 4652 sno

64 4696 136 4754 titulo
162 4697 296 4756 enuntiat
323 4698 423 4755 verbis
450 4697 527 4754 anille
548 4697 665 4772 palmos
691 4698 839 4773 cornpleoa',
867 4697 982 4756 scilicet
1006 4696 1143 4754 Dioclem
1171 4697 1209 4753 ad
1235 4696 1378 4753 bonorem

65 4803 224 4868 peruenisse
244 4800 376 4872 miliarii,
401 4807 433 4856 ut
452 4799 560 4856 litteris
580 4798 779 4874 perscriptum
800 4797 908 4872 legitur
927 4799 956 4855 in
976 4798 1080 4856 eodem
1099 4797 1186 4855 titulo
1205 4817 1232 4854 v.
1249 4797 1296 4855 18.
1311 4795 1359 4854 23.

130 4982 151 5044 ¹)
172 4987 211 5034 Ita
236 4987 377 5051 significari
402 4987 484 5050 ipsum
504 4986 624 5036 Dioclem
649 5001 701 5035 non
726 4985 854 5034 dubitabit
877 4985 919 5050 qui
946 5001 1060 5033 sommam
1079 4983 1163 5034 rudem
1184 4985 1379 5048 comparaverit.

65 5069 98 5119 (ΙΙ.
114 5075 294 5128 Friedlaender
311 5094 336 5142 p.
351 5077 412 5127 495.

129 5164 152 5228 ²)
171 5169 355 5219 Friedlsender
374 5171 465 5232 p.497
492 5170 560 5234 qnod
586 5176 624 5218 est
648 5171 675 5218 in
695 5171 769 5219 titulo
789 5169 861 5234 bigas
881 5169 1004 5217 miliarias
1024 5169 1142 5218 Dioclem
1167 5169 1256 5218 uicisse
1277 5175 1322 5228 ter,
1343 5169 1379 5216 ita

65 5261 149 5321 accepit
171 5271 208 5310 ter
232 5263 304 5311 milia
329 5262 493 5311 victoriarum
519 5261 583 5325 bigis
608 5277 666 5311 enm
691 5267 834 5326 reportasse
859 5275 949 5324 parum
974 5259 1150 5325 probabiliter.
1190 5260 1255 5309 Mihi
1276 5259 1381 5309 miliarii

66 5351 200 5402 uocabulum
219 5354 253 5403 ad
274 5354 416 5418 praemium
437 5353 537 5402 ridetur
556 5355 684 5418 pertinere
705 5351 738 5412 (v.
759 5369 784 5416 p.
800 5351 873 5412 251).

139 5440 180 5498 IV
1140 5441 1176 5498 17
