3394 5976
336 613 407 685 tta
910 631 1091 683 uounsuu

1022 735 1068 741 --
1096 734 1235 740 -.——.-.—
1396 733 1425 740 .—

336 809 414 865 tribu
442 808 616 882 suffragium
645 807 759 864 tulisse.
804 807 852 863 Ita
880 805 1024 864 Claudios
1054 807 1083 863 in
1115 805 1242 864 Claudia
1276 807 1354 862 tribu
1382 803 1544 879 aliquando
1582 805 1670 861 feisse

335 911 496 968 notissima
516 910 647 967 narratio
675 929 742 966 cum
768 910 842 966 satis
866 909 1062 978 demonstret,
1086 905 1123 981 Q.
1148 906 1293 966 Claudius
1316 911 1373 983 Ap.
1397 908 1419 965 f.
1443 915 1571 984 propter
1594 926 1671 982 prae·

337 1031 443 1070 nomen
477 1013 571 1088 patris
605 1011 669 1070 sine
703 1011 795 1070 dubio
829 1013 867 1070 ad
900 1011 1056 1087 patriciam
1094 1021 1212 1088 gentem
1247 1011 1423 1069 referendus
1457 1011 1615 1068 invenitur
1648 1011 1693 1090 inp

336 1111 486 1190 Pollia1).
504 1115 688 1174 —Octavia
708 1131 782 1190 gens
805 1133 871 1172 cum
895 1125 1019 1190 propter
1040 1114 1185 1190 originem
1209 1114 1390 1172 Veliternum
1420 1113 1460 1170 ad
1481 1113 1693 1190 Pomptinam¹

337 1219 447 1276 tribum
469 1217 625 1275 reserenda
645 1226 735 1287 esset,
767 1217 793 1275 si
816 1217 866 1275 lex
889 1218 996 1274 aetatis
1017 1217 1194 1291 posterioris
1217 1218 1255 1275 ad
1278 1216 1409 1274 familias
1432 1216 1555 1274 nobiles
1582 1227 1672 1272 retus·

336 1321 429 1378 tiores
462 1329 542 1377 recte
575 1320 793 1397 applicaretur,
828 1321 984 1396 Augustus
1018 1328 1085 1376 ante
1119 1319 1310 1396 adoptionem
1344 1326 1397 1376 aut
1429 1319 1460 1376 in
1494 1317 1598 1376 Fabia
1628 1331 1671 1372 aut

336 1423 367 1480 in
396 1421 517 1497 Scaptia
550 1422 639 1480 luerit
670 1440 793 1480 necesse
825 1431 886 1494 est,
921 1441 987 1478 cum
1017 1419 1177 1480 Suetonius
1207 1443 1231 1480 c.
1249 1423 1289 1479 40
1319 1421 1368 1496 (cl.
1386 1420 1531 1496 prlll
1559 1439 1589 1496 p.
1606 1418 1668 1492 235³)

338 1523 489 1582 Fabianus
512 1535 542 1580 et
562 1521 754 1602 Scaptienses
777 1524 901 1582 tribules
929 1525 993 1582 eius
1016 1525 1156 1600 appellet.
1201 1525 1243 1581 At
1264 1543 1351 1600 quem
1378 1525 1427 1582 bie
1450 1524 1603 1582 habemus
1624 1520 1668 1579 Cn.
1693 1518 1694 1568 l

339 1625 486 1685 Octavius
505 1625 540 1684 L.
563 1627 584 1684 f.
607 1627 728 1684 omniuo
752 1627 872 1703 gentilis
895 1627 960 1684 eius
982 1627 1157 1702 suffragium
1181 1626 1299 1684 tulitin
1322 1627 1462 1684 Aemilia.
1481 1661 1520 1670 -
1538 1625 1668 1684 Dictator

339 1727 454 1788 Caesar
475 1729 638 1787 secundum
666 1729 743 1788 idem
772 1729 976 1788 testimouium
1003 1739 1055 1787 aut
1081 1729 1111 1787 iu
1139 1729 1236 1788 Fabia
1263 1729 1322 1786 fuit
1342 1739 1395 1786 aut
1420 1730 1451 1788 in
1474 1727 1661 1805 Scaptia3L

339 1831 434 1889 Iulius
462 1828 534 1890 Sex.
557 1832 576 1890 l.
599 1831 687 1890 buius
720 1841 844 1889 senatus
876 1832 1019 1904 consulti,
1051 1851 1140 1908 quem
1174 1832 1243 1889 item
1277 1832 1410 1890 eiusdem
1447 1832 1550 1908 gentis
1591 1831 1660 1888 luisse

339 1933 467 1991 dubitari
507 1954 565 1992 nou
602 1945 711 2012 potest,
750 1935 780 1992 in
812 1935 892 1992 tribu
926 1935 1029 2010 aliqua
1060 1935 1117 1992 luit
1154 1935 1283 1992 nominis
1316 1934 1348 1992 in
1380 1953 1419 1992 aa
1455 1935 1612 1992 exeuntis.
1636 1965 1661 1974 -

339 2035 527 2094 Metellorum
567 2038 708 2108 duorum,
748 2056 873 2112 quorum
912 2037 1021 2094 tribum
1055 2039 1205 2106 nouimus,
1252 2036 1327 2095 alter
1369 2037 1425 2094 suit
1465 2037 1503 2094 in¹
1541 2035 1668 2093 Aniensi.

339 2139 414 2197 alter
435 2139 466 2196 iu
489 2139 596 2210 Fabia3
621 2139 657 2196 L.
681 2139 889 2197 Memmiorum
914 2137 947 2197 C.
971 2140 992 2196 f.
1016 2139 1154 2210 duorum,
1181 2156 1256 2214 quos
1284 2159 1323 2196 ex
1345 2139 1448 2197 eadem
1471 2138 1566 2196 domo
1589 2139 1670 2194 fuisse

340 2251 571 2300 consentaneum
600 2253 655 2314 est,
683 2243 759 2299 alter
785 2243 816 2298 iu
844 2235 983 2300 Menenia
1012 2261 1118 2299 census
1147 2251 1202 2312 est,
1236 2241 1313 2299 alter
1340 2243 1371 2298 iu
1398 2239 1539 2310 Galeria3
1572 2240 1670 2297 similia

339 2345 410 2404 licet
436 2345 533 2402 minus
560 2353 642 2401 certa
667 2344 703 2401 de
731 2345 850 2414 Annia,
880 2345 1055 2420 Appuleiis,
1087 2343 1211 2402 Luciliis
1238 2363 1276 2402 ex
1302 2345 1427 2402 elencho
1457 2361 1552 2420 supra
1582 2343 1670 2417 posito

340 2447 517 2504 efficiuntur.
534 2479 574 2488 —
591 2445 792 2504 Confirmatur
812 2447 903 2523 igitur
925 2447 971 2503 lris
995 2447 1174 2505 testimoniis
1197 2447 1277 2522 quod
1299 2447 1419 2505 aliunde
1442 2465 1564 2522 quoque
1594 2443 1671 2501 intel-

339 2547 666 2626 legitur(Stoutsreel1t
689 2548 729 2605 2²
757 2567 783 2624 p.
802 2548 872 2607 356.
896 2548 971 2624 387)
1000 2549 1037 2605 ad
1067 2547 1275 2608 Gracchanum
1303 2561 1382 2608 certe
1408 2557 1536 2608 aetatem
1570 2547 1668 2604 tribum

339 2652 442 2710 fundis
469 2652 651 2724 inhaesisse,
685 2651 821 2709 homines
850 2659 948 2709 autem
976 2653 1005 2708 in
1035 2671 1071 2708 ea
1098 2653 1177 2709 tribu
1204 2651 1379 2730 suffragium
1409 2651 1532 2720 tulisse,
1563 2652 1594 2708 in
1619 2667 1669 2722 qua

340 2753 465 2830 praedia
490 2753 567 2812 sorte
592 2755 744 2812 haberent.
788 2754 823 2811 Id
851 2763 956 2828 postea
982 2763 1126 2812 mutatum
1154 2764 1215 2824 est,
1243 2755 1370 2826 scilicet,
1398 2755 1428 2812 ni
1455 2753 1563 2825 fallor,
1590 2751 1668 2810 ltalia

341 2858 483 2915 universa
504 2857 543 2913 ad
565 2855 713 2914 civitatem
735 2856 903 2914 Romanam
926 2857 1072 2928 admissa3
1101 2865 1163 2914 tum
1186 2857 1263 2916 euim
1285 2865 1435 2933 receptum
1458 2865 1515 2927 est,
1543 2867 1577 2912 ut
1599 2856 1665 2912 eires

342 2958 469 3016 Romani
491 2977 529 3016 ex
545 2957 715 3034 municipiis
737 2958 855 3016 oriundi
877 2957 1023 3034 duplicem
1041 2959 1262 3034 quodammodo
1281 2960 1431 3017 civitatem
1455 2967 1485 3016 et
1506 2957 1568 3033 ipsi
1591 2957 1662 3014 babe-

340 3077 406 3118 rent
428 3069 458 3118 et
479 3060 660 3118 hereditario
683 3061 746 3117 inre
770 3059 807 3118 ad
827 3070 967 3137 posteros
987 3063 1232 3132 transmitterent,
1255 3061 1378 3119 alteram
1401 3061 1556 3138 publicam
1579 3057 1658 3135 pupuli

339 3163 482 3234 Romani,
517 3162 640 3220 alteram
675 3162 885 3238 municipalem
914 3170 942 3220 et
969 3183 1035 3220 cum
1061 3164 1131 3235 lrac,
1165 3165 1196 3222 id
1229 3172 1275 3222 est
1302 3183 1369 3222 cum
1396 3162 1484 3221 domo
1514 3163 1662 3238 originem.

340 3266 436 3323 tribus
470 3265 499 3322 in
533 3273 708 3340 perpetuum
749 3266 986 3341 coniungeretur.
1046 3267 1153 3342 ltaque
1192 3266 1217 3323 si
1253 3266 1302 3342 qui
1340 3266 1413 3324 civis
1446 3265 1605 3322 Romanus
1635 3279 1663 3316 ex

342 3367 458 3444 Arpino
486 3367 631 3425 oriundus
659 3367 724 3438 luit,
754 3387 820 3426 cum
849 3369 963 3444 origine
990 3368 1134 3444 Arpinate
1161 3368 1225 3426 cius
1252 3368 1393 3426 territorii
1423 3368 1531 3426 tribum
1567 3366 1667 3424 Corne·

341 3469 411 3526 liam
440 3471 469 3526 et
495 3470 560 3544 ipse
587 3471 616 3526 in
640 3477 815 3545 perpetuum
842 3471 946 3528 habuit
973 3479 1001 3526 et
1027 3470 1064 3526 ad
1092 3479 1229 3545 posteros
1259 3471 1446 3547 propagavit.
1491 3469 1576 3527 Haec
1603 3487 1668 3542 quae

342 3571 512 3630 efficiuntur
534 3591 573 3630 ex
600 3572 737 3630 tribubus
767 3585 1025 3630 monumentorum
1055 3583 1224 3631 nostrorum
1247 3573 1304 3630 hoc
1331 3572 1611 3630 senatusconsulto
1633 3591 1668 3625 re·

343 3684 428 3750 pcrto
456 3692 637 3750 magnopere
665 3675 760 3732 auctis
784 3675 853 3731 licet
880 3695 957 3734 nova
984 3695 1042 3732 turn
1071 3675 1146 3745 sint,
1172 3693 1232 3732 non
1254 3675 1359 3732 inutile
1385 3685 1431 3732 est
1452 3675 1481 3731 in
1504 3673 1669 3749 quaestione

346 3777 462 3836 difficili
485 3785 515 3836 et
536 3778 665 3835 obseura
687 3795 723 3834 ea
745 3796 821 3854 (puae
843 3778 903 3836 iam
927 3779 1100 3836 tenebamus
1123 3777 1289 3836 luculenter
1310 3776 1490 3836 confirmari.

396 4073 574 4168 XXIV.
633 4073 905 4168 TITVLVS
936 4069 1626 4206 HIEROCAESAREENSIS.

429 4285 601 4356 Kassabae,
623 4287 674 4362 qui
690 4294 736 4344 est
755 4285 839 4344 locus
858 4287 934 4343 inter
949 4263 1133 4361 Magnesiam
1155 4286 1192 4344 ad
1208 4283 1345 4362 Sipylum
1367 4295 1396 4344 ct
1412 4285 1533 4355 Sardes,
1552 4284 1671 4340 sortasse

348 4387 471 4462 antiqua
487 4387 725 4446 Hierocaesarea
747 4387 798 4462 (el.
817 4387 850 4446 C.
867 4388 890 4444 Ι.
905 4386 958 4446 Gr.
975 4386 1125 4457 11‚3452;
1148 4386 1475 4464 Lebas-Waddington
1498 4407 1526 4445 n.
1543 4385 1623 4457 lili),
1645 4383 1670 4438 in

348 4490 525 4549 coemeterio
549 4491 678 4550 Turcico
710 4491 826 4548 titulum
854 4491 984 4567 repperit
1011 4491 1090 4548 idem
1118 4491 1162 4547 vir
1188 4490 1263 4546 bene
1294 4491 1330 4548 de
1357 4490 1403 4546 bis
1429 4490 1536 4547 litteris
1556 4487 1669 4544 meritus

348 4591 578 4670 Papadopulus,
607 4615 625 4652 a
651 4611 711 4668 quo
739 4603 859 4651 senatus
886 4593 1056 4650 consultum
1084 4593 1320 4667 Adramytenum
1349 4593 1465 4668 accepi,
1500 4607 1619 4664 eumque
1645 4599 1670 4642 et

348 4695 442 4752 edidit
464 4695 492 4750 in
515 4695 705 4770 ephemeride
728 4713 818 4772 supra
841 4694 931 4752 citata
954 4697 1048 4752 musei
1072 4692 1229 4770 Smyrnaei
1252 4693 1341 4752 roll
1363 4713 1391 4770 p.
1411 4695 1469 4752 118
1496 4702 1525 4752 et
1548 4690 1670 4763 descrip-

349 4803 413 4854 tum
440 4797 514 4854 milri
540 4799 630 4856 misit.
680 4797 775 4871 Quem
802 4815 867 4855 eum
895 4797 1112 4854 intellexissem
1139 4795 1285 4873 quaedam
1314 4797 1425 4854 habere
1451 4813 1510 4852 nou
1535 4790 1669 4866 vulgaria.

348 4898 420 4958 item
438 4899 578 4960 hocloco
599 4901 685 4960 edere
701 4900 852 4972 constitui,
875 4899 1004 4958 maximo
1026 4919 1093 4958 cum
1111 4899 1271 4957 verendum
1290 4907 1381 4969 esset,
1402 4917 1440 4956 ne
1459 4895 1533 4975 apud
1547 4910 1598 4952 uos
1615 4911 1669 4949 uon

429 5149 453 5214 ¹)
472 5151 562 5201 Nimia
580 5151 659 5214 igitur
677 5151 772 5200 fiducia
790 5151 818 5200 in
838 5151 886 5200 lrac
899 5151 957 5216 eph.
972 5152 1014 5201 1ss
1034 5169 1059 5216 p.
1075 5152 1127 5201 232
1143 5151 1279 5202 Claudium
1300 5151 1482 5216 imperatorem
1496 5145 1611 5200 Claudiae
1630 5143 1668 5190 tri·

350 5243 394 5291 bui
419 5244 552 5308 adscripsi.
593 5243 713 5294 Ceterum
739 5251 766 5292 ut
791 5245 846 5308 ipse
871 5245 896 5293 in
922 5245 973 5292 alia
997 5243 1083 5306 fuerit,
1109 5261 1161 5293 non
1188 5246 1272 5294 miuus
1297 5251 1365 5292 recte
1395 5243 1501 5294 bonoria
1524 5241 1571 5290 eius
1595 5249 1666 5285 causa

352 5335 469 5386 coloniae
490 5335 521 5386 ab
541 5351 572 5384 eo
593 5338 745 5387 constitutae
765 5337 791 5384 in
811 5335 947 5384 Claudiam
967 5335 1061 5386 tribum
1081 5336 1174 5386 referri
1194 5344 1341 5400 potueruut.
