3530 5972
461 645 764 700 ossanvnrronas
784 645 1070 698 seranrrnrone.
1357 624 1428 696 533

100 821 148 880 ubi
173 821 308 880 officium
329 821 416 898 pleae
437 829 467 880 ct
481 821 640 900 diligenter
653 820 875 892 determinatur,
899 821 1090 898 praepositus
1106 819 1297 878 adscribitur.
1331 817 1431 879 Causa

98 926 126 983 ni
150 923 244 982 fallor
265 942 325 982 nou
347 925 377 981 in
400 923 537 983 omnibus
560 925 662 983 eadem
686 923 750 982 tuit.
793 921 947 997 Quaedam
974 942 1084 1002 genera
1104 943 1143 982 ex
1166 941 1258 998 supra
1279 922 1367 982 dictis
1389 923 1432 980 ita

97 1027 261 1085 coniuncta
292 1033 378 1084 erant
405 1044 473 1084 cum
500 1026 664 1104 praepositi
691 1043 834 1102 persona,
865 1035 899 1084 ut
926 1026 1013 1103 plene
1041 1025 1189 1084 enuntiari
1218 1043 1278 1082 non
1307 1034 1432 1100 possent

97 1130 156 1188 nisi
180 1147 219 1186 eo
235 1129 379 1188 vocabulo
401 1127 573 1207 adsumpto;
596 1137 628 1188 ut
643 1128 810 1208 singulares
825 1127 875 1204 .(p.
893 1128 967 1202 401)
991 1135 1020 1185 et
1041 1136 1185 1186 stratores
1208 1127 1252 1204 (p.
1265 1127 1340 1204 406)
1362 1147 1431 1186 raro

96 1231 293 1290 inveniuntur
314 1231 390 1290 uude
412 1233 454 1290 ita
475 1233 577 1308 positi,
599 1231 795 1306 similiterque
817 1231 896 1308 apud
912 1231 1020 1308 vigiles
1041 1237 1103 1289 tam
1118 1239 1277 1288 secutores
1301 1231 1343 1308 (p.
1355 1231 1431 1306 404)

96 1353 188 1410 quam
215 1333 391 1392 codicillarii
418 1335 469 1409 qui
496 1333 655 1392 creduntur
677 1333 720 1410 (p.
736 1331 812 1409 420)
840 1333 1024 1392 tribunorum
1048 1333 1225 1392 vocabulum
1247 1332 1431 1391 sollemniter

97 1436 291 1508 adscribunt,
324 1436 381 1495 etsi
408 1436 459 1494 rix
487 1435 610 1494 dubium
640 1445 685 1494 est
714 1436 778 1493 eius
806 1435 919 1493 ordinis
942 1435 1053 1494 milites
1075 1435 1176 1494 nullos
1197 1435 1228 1492 in
1249 1453 1285 1493 eo
1306 1453 1431 1512 corpore

96 1540 195 1598 luisse
218 1539 277 1598 nisi
300 1539 427 1598 tribunis
450 1539 618 1598 attributos.
654 1537 736 1596 Alibi
759 1537 912 1614 probabile
934 1545 980 1596 est
1001 1537 1204 1614 praepositum
1227 1537 1296 1594 addi
1318 1537 1356 1594 ad
1378 1539 1431 1596 ho-

96 1642 182 1701 noris
216 1641 341 1718 gradum
370 1640 640 1712 determinandum,
674 1639 704 1698 id
732 1639 811 1716 quod
838 1639 1026 1717 potissimum
1054 1639 1134 1698 cedit
1156 1639 1187 1698 in
1209 1639 1432 1708 beneficiarios;

96 1763 150 1804 eos
167 1745 250 1803 enim
267 1763 333 1802 cum
350 1751 465 1802 constet
478 1743 599 1802 minime
613 1743 692 1801 circa
705 1743 909 1821 praepositum
925 1751 1063 1802 versatos
1078 1759 1155 1812 esse,
1176 1761 1192 1798 e
1207 1741 1356 1800 contrario
1371 1759 1432 1800 cer-

96 1857 159 1906 tum
174 1859 226 1906 est
241 1845 369 1905 diversis
383 1846 622 1923 praepositorum
644 1846 803 1924 generibus
825 1845 984 1904 attributos
1002 1843 1210 1904 beneficiarios
1225 1863 1280 1920 pro
1294 1845 1432 1921 portione

97 1950 253 2010 diversum
280 1949 378 2007 locum
405 1947 573 2007 obtinuise
583 1947 621 2023 ¹).
663 1947 770 2024 Itaque
796 1947 827 2004 in
851 1947 899 2004 bis
921 1947 984 2004 dux
1010 1957 1043 2004 ut
1068 1965 1156 2024 saepe
1182 1946 1363 2018 enuntiatur,
1390 1949 1432 2006 ita

95 2054 188 2112 etiam
212 2051 335 2128 saepius
357 2051 548 2127 praeteritum
575 2067 669 2126 neque
691 2051 769 2110 enim
794 2057 825 2108 ut
845 2050 1011 2108 enuntietur
1031 2050 1074 2108 its
1095 2049 1133 2107 ad
1155 2069 1217 2108 rem
1239 2050 1378 2126 pertinet,
1400 2059 1433 2107 ut

97 2157 127 2214 in
151 2153 301 2232 singulari
323 2161 353 2212 et
375 2161 511 2212 stratore.

182 2258 249 2320 lam
272 2255 440 2327 videamus,
466 2256 575 2332 quibus
602 2255 727 2314 ducibus
749 2257 800 2332 qui
822 2255 1004 2332 principales
1030 2254 1231 2314 attribuantur
1252 2261 1282 2312 et
1303 2255 1430 2332 primurn

96 2360 225 2437 quidem
245 2359 277 2416 in
297 2358 478 2418 exercitibus
499 2358 734 2436 provinciarum:

165 2465 193 2522 1.
226 2459 346 2537 Lapatia
362 2460 486 2536 Aapastr'
496 2465 713 2537 prouinciarum
727 2467 790 2520 tam
802 2460 1011 2520 consularibus
1027 2479 1115 2536 quam
1132 2460 1290 2538 praetoriis
1300 2458 1330 2536 ²)
1346 2461 1431 2518 item-

97 2585 155 2642 que
175 2563 415 2640 procuratoribus
437 2571 467 2620 et
484 2565 642 2638 praesectis
661 2566 876 2638 provinciaram
898 2563 1063 2634 actoridem,
1086 2563 1136 2638 qui
1159 2564 1189 2620 in
1208 2561 1333 2638 imperio
1355 2563 1431 2620 mili·

98 2667 155 2725 tari
180 2665 286 2725 eodem
309 2665 527 2738 lacesserunt,
553 2665 644 2724 additi
668 2673 740 2724 suat

257 2767 467 2826 cornicularius
482 2769 650 2826 consularis
666 2789 694 2846 p.
707 2767 766 2824 412
781 2787 810 2824 n.
825 2767 923 2839 1-63
943 2767 1034 2845 legati
1050 2785 1160 2844 propr.
1174 2766 1269 2842 peta
1283 2765 1431 2824 ιι.7-12.

258 2871 513 2928 commentariensis
536 2870 583 2928 rel
605 2889 624 2926 a
639 2873 844 2928 commentariis
866 2869 1032 2929 consularis
1054 2889 1084 2947 p.
1097 2869 1157 2926 424
1178 2889 1206 2927 n.
1222 2869 1319 2940 1-53
1342 2869 1431 2946 legati

308 2991 337 3048 p.
353 2972 414 3030 424
436 2993 465 3030 n.
482 2971 511 3029 6.
528 2971 556 3031 8.

257 3074 393 3133 librariae
415 3074 583 3134 consularis
605 3095 633 3152 p.
650 3075 710 3135 426
731 3095 760 3133 n.
776 3075 869 3134 1-8.

258 3181 383 3234 cetarias
405 3176 495 3254 legati
518 3197 547 3254 p.
564 3179 625 3236 430
648 3197 675 3236 n.
695 3179 721 3236 1.

257 3281 387 3337 notariae
409 3279 500 3356 legati
523 3279 745 3356 (provincia08)
768 3301 796 3358 p.
812 3281 872 3340 433
896 3301 924 3340 n.
941 3281 987 3338 10.

258 3393 386 3456 exceptor
407 3381 555 3458 praesidis
577 3403 606 3459 p.
623 3383 694 3456 432,
711 3383 739 3441 2.

257 3493 371 3542 maenae
391 3484 561 3542 consularis
583 3504 612 3561 p.
628 3485 686 3544 431
712 3486 848 3543 ιι.1-5.

258 3595 364 3644 strator
382 3586 551 3645 consularis
573 3607 604 3664 p.
616 3586 676 3644 406
699 3607 727 3646 n.
744 3588 858 3658 1-183
881 3587 971 3664 legati
994 3607 1021 3663 p.
1035 3587 1093 3645 407
1111 3605 1139 3644 n.
1156 3584 1294 3645 19-21.
1310 3583 1358 3642 24.
1376 3583 1430 3656 25;

309 3689 512 3766 procuratoris
534 3687 682 3764 praesidis
703 3709 732 3765 p.
749 3689 807 3748 407
831 3711 859 3748 n.
876 3687 1017 3747 28-30.

182 3831 185 3836 -
257 3791 414 3867 singularis
436 3791 603 3849 consuleris
626 3811 655 3868 p.
672 3793 728 3850 401
755 3791 913 3850 ιι.1-20.

258 3914 278 3952 a
297 3897 364 3969 ruso
385 3893 525 3970 praelecti
548 3893 692 3972 (Aegypti
701 3894 729 3969 7)
752 3893 811 3952 vol.
827 3893 876 3952 III
898 3915 925 3954 n.
944 3894 993 3952 54.

258 3995 448 4070 beneficiarius
474 3995 563 4072 legati
590 3996 758 4056 consularis
785 4015 812 4072 p.
829 3996 885 4055 381
911 4016 940 4053 n.
959 3997 1011 4068 633
1045 3995 1211 4054 consularis
1238 4014 1266 4070 p.
1284 3993 1339 4052 401
1366 3994 1427 4051 ιι.1

310 4096 358 4155 62.
372 4095 534 4168 64-162;
555 4097 648 4176 legati
670 4118 699 4174 p.
715 4098 775 4156 385
793 4098 1006 4158 alsa-169.
1024 4097 1206 4168 172-188;
1229 4096 1431 4173 procuratoris

308 4199 455 4275 praesidis
477 4217 507 4274 p.
520 4199 579 4258 388
602 4219 631 4258 u.
644 4199 715 4259 216.
728 4200 797 4260 219.
812 4199 880 4260 234.
896 4199 963 4260 236.
979 4199 1049 4258 237.
1063 4199 1137 4259 239·
1160 4199 1308 4275 praesidis
1328 4217 1356 4275 p.
1371 4197 1429 4256 398

309 4321 337 4360 n.
355 4301 424 4360 384.
443 4301 511 4360 388.

259 4406 389 4462 inemanis
411 4403 578 4462 consularis
600 4424 630 4481 p.
647 4405 706 4464 409
729 4405 870 4476 n.1-6;
892 4405 981 4481 legati
1003 4425 1033 4481 p.
1050 4404 1110 4462 410
1132 4423 1160 4462 n.
1175 4405 1201 4462 7.
1218 4404 1245 4462 8.

184 4675 206 4738 ¹)
233 4677 309 4738 Quod
333 4678 387 4726 dixi
413 4674 572 4727 Staatrrecltt
590 4680 614 4738 2,
631 4677 683 4728 264
712 4677 888 4728 beneficiarios
913 4679 1065 4728 beneficium
1090 4679 1217 4742 accepisse
1237 4678 1318 4726 videri
1343 4677 1375 4726 ab
1400 4691 1431 4725 eo

104 4770 267 4835 praeposito,
292 4770 361 4834 apud
385 4785 460 4834 quem
485 4785 584 4820 merere
608 4785 635 4819 se
655 4771 815 4834 profitentur,
841 4771 973 4834 redarguit
992 4771 1092 4820 Plinius
1111 4769 1144 4818 ed
1164 4771 1237 4820 Trai.
1252 4772 1295 4818 22.
1311 4771 1354 4829 27,
1373 4783 1431 4833 pro·

104 4861 219 4912 curatori
239 4861 419 4926 praefectoque
438 4862 615 4912 beneficiarios
635 4869 729 4912 testans
748 4863 913 4928 adsignatis
932 4863 1059 4926 praeside.
1087 4862 1211 4912 Beneficii
1224 4861 1374 4911 vocabulum
1394 4861 1431 4909 ls-

103 4955 171 5003 tiors
190 4954 379 5018 significatione
399 4961 547 5020 usurpatum
567 4955 679 5004 maxime
698 4961 782 5004 aetate
804 4956 911 5005 meliore
935 4955 968 5006 cl.
984 4951 1143 5004 Staatcreclt
1161 4951 1204 5015 2²,
1222 4955 1291 5004 1070
1311 4960 1336 5001 et
1355 4953 1431 5002 beus-

104 5046 197 5096 liciarii
217 5045 262 5111 qui
281 5045 401 5096 dicuntur
420 5062 472 5096 non
491 5047 568 5112 plane
586 5046 715 5111 aequabili
734 5049 859 5098 sermonis
877 5048 935 5112 lege
954 5054 1084 5112 reguntur.

182 5136 207 5198 ²)
234 5139 290 5188 Huc
310 5144 338 5186 ut
355 5153 404 5202 par
422 5145 462 5188 est
480 5138 565 5188 rettuli
584 5153 629 5188 cos
648 5155 749 5204 quoque
769 5140 856 5190 titulos
876 5141 919 5204 qui
943 5141 1056 5205 legatum
1074 5139 1182 5204 legionis
1201 5139 1336 5190 enuntiant
1356 5139 1432 5190 simul

105 5229 255 5298 provinciae
273 5230 427 5296 praesidem.
