3390 5970
351 616 424 690 390
954 641 1076 692 esven

349 832 378 889 p.
398 811 476 872 1000
499 813 614 873 dehoc
635 832 743 891 genere
766 815 949 892 exposuitl).
987 815 1075 874 Dixit
1096 816 1175 874 euim
1197 816 1381 893 praefectum
1403 817 1482 890 urbi,
1505 835 1660 894 quamquam
1686 827 1687 870 1

348 917 522 975 cohortibus
549 918 670 974 urbanis
698 917 876 994 praefuerit,
910 926 1009 976 tamen
1040 919 1161 976 militari
1188 918 1315 995 imperio
1342 920 1480 978 caruisse
1507 937 1598 994 neque
1622 937 1660 977 eos

347 1019 474 1077 comites
496 1019 648 1090 habuisse,
676 1020 727 1094 qui
749 1019 886 1090 tribunis,
915 1019 1034 1096 legatis,
1061 1020 1187 1097 reliquis
1209 1021 1282 1078 viris
1305 1022 1428 1079 militari
1452 1022 1576 1098 imperio
1595 1041 1659 1098 prae·

348 1119 418 1179 ditis
449 1121 582 1180 attributi
608 1121 728 1179 fuerint.
772 1123 814 1178 At
835 1121 910 1179 duos
932 1122 1042 1182 milites
1065 1142 1084 1180 a
1105 1122 1576 1201 quaestionibuspraefectorum
1595 1125 1659 1181 urbis

346 1223 552 1282 Mommsenus
573 1222 615 1300 (p.
636 1223 730 1298 1001)
745 1225 810 1300 ipse
830 1224 925 1294 affert,
948 1225 1177 1283 cornicularium
1199 1225 1280 1284 111111.
1300 1225 1354 1302 (X,
1371 1225 1426 1302 32)
1448 1227 1604 1304 proferam,
1623 1245 1659 1283 ue·

346 1343 404 1401 que
421 1326 483 1384 ulla
497 1343 589 1384 causa
609 1335 665 1398 est,
688 1345 739 1383 cur
758 1326 906 1401 exemplis
928 1326 1185 1385 beneficiariorum
1208 1347 1300 1405 supra
1320 1328 1483 1406 adscriptis
1504 1329 1658 1386 diffidamus.

346 1426 426 1485 Nam
450 1447 590 1488 numerus
613 1447 724 1498 eorum,
747 1428 884 1504 quumvis
908 1447 1019 1504 parvus
1042 1430 1082 1487 sit
1104 1438 1133 1486 et
1155 1439 1312 1504 superetur
1332 1449 1456 1490 numero
1479 1431 1657 1489 beneficiario

346 1549 410 1587 rum
425 1531 644 1606 praefectorum
659 1531 810 1607 practorio
826 1538 856 1588 et
871 1531 1005 1608 vigilum,
1027 1539 1127 1589 tamen
1144 1533 1249 1590 horum
1263 1534 1349 1592 multi
1364 1535 1394 1591 in
1410 1533 1562 1592 laterculis
1577 1533 1658 1608 legnu·

347 1641 404 1702 tur,
431 1651 558 1708 quorum
581 1651 597 1690 e
620 1633 795 1692 cohortibus
819 1633 941 1692 urbanis
964 1652 1072 1712 parvae
1096 1641 1212 1692 tautum
1233 1635 1380 1711 reliquiae
1402 1645 1532 1694 exstant.
1573 1633 1658 1712 Neque

347 1734 530 1807 miraremur,
553 1737 580 1794 si
602 1753 752 1807 numerus,
774 1753 834 1811 quo
857 1737 887 1794 in
910 1735 966 1794 hoc
986 1753 1094 1812 genere
1116 1737 1284 1811 praelectus
1300 1738 1366 1796 urbi
1381 1758 1399 1796 a
1414 1738 1572 1815 praefectis
1592 1757 1658 1814 prae·

346 1836 424 1894 torio
447 1847 476 1895 et
498 1835 620 1913 vigilum
644 1837 745 1910 distat,
768 1838 863 1896 maior
878 1847 968 1911 esset,
990 1856 1079 1914 quam
1101 1846 1155 1910 est,
1178 1841 1319 1914 quoniam
1342 1840 1421 1898 tituli
1443 1841 1604 1898 cohortium
1622 1859 1657 1896 ur·

345 1939 488 1997 bonarum
516 1939 611 1997 multo
642 1941 800 2017 pauciores
830 1957 919 2014 quarn
950 1941 1208 2017 praetorianorum
1240 1949 1269 1999 et
1297 1943 1423 2019 vigilum
1455 1943 1563 2001 1111111
1594 1951 1656 1999 snut.

347 2039 462 2114 Quodsi
481 2041 700 2100 concedendum
723 2059 791 2100 esse
813 2042 931 2100 videtur
952 2043 1132 2120 praefectum
1156 2044 1221 2102 urbi
1244 2044 1444 2104 beneficiariis
1460 2063 1519 2103 non
1534 2045 1656 2109 caruisse

346 2153 445 2201 tamen
467 2142 536 2201 inde
559 2144 595 2200 de
618 2144 740 2202 militari
762 2145 887 2220 imperio
910 2145 974 2202 eius
997 2145 1070 2203 nihil
1093 2145 1193 2222 colligi
1217 2155 1326 2223 potest,
1348 2147 1521 2222 quinetiam
1537 2165 1655 2225 procura·

345 2255 426 2304 tores
449 2245 670 2322 provinciarum
692 2247 739 2305 ius
761 2247 971 2305 beneficiorum
994 2247 1160 2306 dandorum
1182 2249 1357 2308 habuerunt.

429 2345 468 2422 C)
512 2347 609 2406 Maior
631 2358 678 2408 est
699 2367 841 2407 numerus
862 2349 1118 2408 beneficiariorum
1141 2351 1359 2428 praefectorum
1384 2353 1520 2430 vigilum.
1553 2351 1591 2410 Et
1608 2352 1654 2428 pri·

345 2469 425 2508 mum
457 2450 575 2527 quidem
608 2451 640 2508 in
668 2469 726 2508 uno
759 2451 847 2509 titulo
881 2451 1063 2511 dedicatoria
1099 2453 1231 2511 cohortis
1262 2454 1410 2514 secundae
1437 2457 1566 2532 quinque
1588 2473 1653 2530 repe·

344 2552 472 2611 riantur:

407 2655 477 2715 066.
512 2652 546 2714 O.
569 2655 666 2714 Iulius
690 2656 899 2733 Onesiphorus
922 2657 949 2716 b.
973 2676 1019 2734 pr.

407 2755 477 2816 267.
511 2755 545 2817 O.
563 2757 702 2816 Valerius
725 2757 860 2816 lulianus
882 2759 911 2816 b.
934 2779 979 2836 pr.
1073 2687 1089 3101 j
1113 2679 1189 2743 120-
1212 2679 1264 2728 210

407 2857 476 2918 068.
514 2857 543 2920 S.
560 2861 703 2918 Valerius
725 2859 855 2918 Karicus
879 2861 908 2920 b.
930 2881 975 2938 pr.
1112 2857 1159 2919 VI,
1182 2857 1261 2920 1⁰59,

407 2961 477 3020 269.
510 2961 547 3019 T.
566 2960 727 3038 Septimius
743 2962 950 3022 Felicissimae
970 2964 998 3022 b.
1013 2981 1058 3039 pr.

407 3063 476 3123 070.
510 3063 551 3122 M.
574 3065 669 3124 lulius
691 3065 842 3140 Ingenuus
865 3065 894 3123 b.
916 3085 961 3142 pr.

342 3147 394 3242 ¹qui
421 3183 476 3241 pro
503 3173 567 3224 tota
593 3167 714 3224 cohorte
740 3167 859 3226 titulum
885 3167 1095 3226 dedicaverunt
1123 3188 1183 3228 una
1209 3190 1275 3229 cum
1301 3181 1415 3248 septem
1444 3173 1648 3240 centurionibus,

343 3267 543 3327 corniculario
565 3267 673 3327 tribuni
697 3277 726 3326 et
747 3278 875 3346 quatuor
897 3269 1031 3328 medicis.
1053 3303 1090 3314 -
1112 3269 1229 3331 Deinde
1248 3273 1279 3331 in
1294 3273 1446 3334 laterculis
1463 3275 1580 3354 vigilum
1594 3275 1648 3331 haet-

342 3371 436 3430 habes
459 3369 612 3447 exempla:

406 3472 476 3531 271.
510 3473 537 3532 b.
553 3494 583 3551 p.
599 3473 700 3533 Blaesi
716 3473 815 3546 Felix,
838 3477 1252 3543 11111111,1111111101111111.
1272 3499 1297 3548 p.
1309 3481 1338 3532 C.
1352 3484 1415 3534 005.
1437 3484 1483 3546 VI,
1500 3485 1573 3546 1056,
1586 3481 1647 3545 011,

406 3573 475 3634 272.
511 3576 539 3634 b.
563 3596 607 3653 pr.
631 3573 666 3635 C.
690 3573 850 3635 Cornelius
870 3575 1118 3654 varronianus),
1145 3585 1260 3633 centuria
1279 3583 1403 3636 Caeserni
1422 3587 1469 3640 Se-

342 3681 466 3730 necionis.
497 3683 522 3739 1,
538 3683 563 3730 2.
1521 3687 1645 3748 eobllrig.

406 3771 476 3830 273.
510 3773 539 3829 b.
562 3790 606 3846 pr.
630 3769 667 3844 Q.
684 3771 804 3829 Vettius
827 3771 995 3844 Achilleus,
1019 3775 1108 3825 eadem
1128 3778 1251 3827 centuria.
1282 3779 1306 3840 1,
1322 3779 1366 3829 ot.

405 3873 475 3931 274.
509 3874 538 3931 b.
561 3893 605 3951 pr.
629 3873 665 3932 P.
688 3873 785 3932 Naevi
809 3873 927 3946 Philon,
950 3877 1067 3926 centuria
1085 3877 1156 3928 Aelii
1176 3880 1310 3945 Torquati.
1343 3883 1412 3942 0,.1,
1480 3889 1493 4146 Ι
1519 3833 1635 3896 vl’loll'

406 3975 475 4032 275.
509 3975 538 4032 b.
559 3997 602 4052 pr.
624 3976 665 4034 M.
686 3976 811 4034 Pontius
832 3975 993 4048 Diodorus,
1016 3981 1131 4030 centuria
1144 3981 1214 4046 Ulpii
1227 3981 1361 4032 Rutilienl.
1383 3984 1408 4044 3,
1424 3983 1467 4033 04.

406 4077 476 4136 076.
511 4077 537 4135 b.
561 4097 606 4154 pr.
629 4078 666 4136 T.
690 4079 795 4136 Aelius
817 4077 936 4150 Florae,
960 4079 1292 4134 1111111110.111111111111.
1322 4085 1389 4146 6,1.

341 4268 546 4277 ι-οη--ι

432 4395 461 4464 ,1)
492 4395 570 4459 [Mihi
590 4413 603 4446 e
623 4398 751 4448 contrario
771 4414 829 4448 mea
848 4399 937 4464 opinio
956 4401 1008 4448 iam
1028 4399 1129 4451 videtur
1147 4409 1216 4452 certa
1235 4416 1298 4452 esse.
1338 4405 1444 4457 Scilicet
1462 4405 1530 4471 quod
1547 4406 1569 4454 iu
1586 4399 1640 4451 titulo

340 4487 524 4538 Beneventano
543 4491 710 4555 perscriptum
730 4497 769 4541 est
785 4497 868 4558 praet.
882 4489 945 4554 urb„
966 4493 993 4541 id
1014 4494 1147 4544 confirmet
1165 4495 1351 4560 1111111060,
1371 4496 1482 4550 fortasse
1500 4499 1580 4547 tertius
1596 4509 1639 4558 quo·

341 4595 390 4645 que
410 4579 503 4630 11064
521 4581 582 4630 11111
599 4589 746 4647 corruptus;
770 4599 829 4633 nam
850 4585 993 4648 diligenter,
1014 4587 1128 4635 maxime
1146 4587 1173 4636 in
1192 4587 1298 4638 urbanis
1315 4589 1405 4652 titulis,
1425 4591 1570 4656 compendia
1585 4598 1639 4651 prat·

342 4675 405 4723 toris
425 4680 450 4722 et
467 4674 591 4738 praefecti
610 4675 809 4739 distinguuntur,
833 4677 946 4741 exceptis
965 4678 1062 4727 11111111
1080 4679 1189 4729 militum
1208 4681 1345 4740 laterculis,
1370 4683 1414 4747 qui
1432 4683 1485 4732 111111
1503 4683 1554 4746 lege
1570 4692 1638 4742 reguo·

342 4773 391 4816 tur.
430 4766 507 4827 Quod
526 4767 553 4814 in
573 4781 624 4815 uno
644 4781 733 4817 eorum
752 4776 791 4818 ter
809 4770 934 4834 reperitur
954 4767 977 4818 b.
988 4786 1030 4837 pr.
1044 4787 1084 4820 111.
1103 4787 1161 4821 cum
1177 4788 1262 4837 perse
1276 4781 1301 4822 et
1320 4773 1352 4823 tle
1367 4775 1496 4838 praelecto
1514 4769 1637 4824 1111111111

340 4865 458 4924 praetore
475 4859 573 4908 urbano
587 4859 668 4924 accipi
681 4862 770 4924 possit,
792 4861 819 4910 bi
832 4861 988 4912 beneficiarii
1002 4863 1036 4911 ed
1048 4863 1161 4930 reliquos
1178 4873 1229 4916 tres
1246 4865 1465 4931 interpretationis
1483 4875 1562 4918 certae
1577 4861 1638 4926 expli·

341 4951 417 5002 caudi
431 4957 497 5000 sunt.
529 4951 587 5000 lam
606 4951 684 5016 igitur
702 4955 791 5018 negari
810 4969 862 5004 non
882 4963 965 5020 potest
984 4955 1162 5008 beneficiarios
1180 4957 1303 5022 praelecti
1317 4959 1372 5010 urbi
1386 4961 1471 5010 nullos
1483 4961 1562 5018 fuisse,
1579 4955 1637 5006 fuiss

341 5044 519 5094 beneficiarios
538 5045 663 5107 praetoris
683 5045 775 5094 urbani
794 5053 909 5111 sumptos
927 5063 959 5098 ex
980 5049 1128 5100 cohortibus
1147 5051 1261 5100 urbanis.
1292 5052 1388 5102 Eorum
1402 5053 1544 5103 officiatum
1556 5049 1635 5099 1111111

340 5151 401 5186 usus
420 5151 574 5202 quamquam
593 5152 647 5186 non
666 5137 827 5201 perspicitur,
848 5139 904 5203 ipsa
922 5155 963 5189 res
982 5155 1034 5190 non
1054 5143 1135 5206 magis
1155 5142 1261 5192 offendit
1275 5159 1351 5209 quam
1365 5133 1634 5198 offenduntbeueneiuii

340 5237 534 5290 procuratorum
552 5230 663 5292 Augusti
683 5228 729 5278 suh
749 5231 866 5294 praeside
886 5233 1090 5295 constitutorum,
1110 5235 1153 5298 qui
1173 5233 1205 5283 ab
1224 5236 1332 5300 imperio
1353 5238 1456 5288 militari
1475 5239 1561 5303 pariter
1575 5227 1631 5280 alieni

340 5327 414 5368 erant
432 5329 507 5385 etque
527 5323 554 5370 iu
573 5321 636 5370 urbe
655 5329 758 5385 praetor
776 5323 895 5372 urbanus.
929 5323 979 5373 Th.
998 5323 1048 5388 111]
