3448 5970
353 586 423 657 182
790 603 1069 654 Annrnsususs
1096 603 1179 654 von.
1200 604 1244 654 nr

393 800 431 838 ex
459 779 555 857 ipsius
586 779 660 856 legis
687 779 860 837 consulibus
890 777 1114 855 corrigend01).
1159 780 1202 836 At
1227 778 1321 836 nihilo
1343 778 1440 836 minus
1463 779 1550 836 lectio
1570 781 1663 840 tradite
1707 779 1708 812 r

391 882 565 942 Bellorianu
591 900 662 939 veru
688 889 741 939 est.
785 880 997 939 Patrocinstur
1022 879 1049 938 ei
1076 881 1215 938 nimirum
1242 880 1320 957 lupis
1347 881 1492 939 miliarius
1514 899 1570 939 uon
1590 883 1663 961 longe

394 1005 413 1044 a
429 983 529 1044 Culari
551 991 688 1059 rapertus
710 983 809 1042 editus
831 1001 851 1040 s
864 983 1017 1042 Marmora
1038 1002 1127 1059 aopru
1142 982 1196 1041 ale.
1214 983 1354 1041 antiatitd
1367 984 1453 1041 surde
1470 982 1577 1059 (1851)
1594 1005 1619 1061 p.
1632 985 1662 1043 93

393 1087 523 1165 aliisque
548 1087 722 1144 unctoribus
750 1083 870 1156 Sardis,
899 1086 971 1144 milri
999 1104 1094 1162 nuper
1121 1085 1204 1144 visus
1233 1085 1264 1142 in
1290 1103 1394 1143 museo
1417 1083 1601 1156 Caralitano,
1624 1089 1664 1162 qni

394 1209 460 1248 cum
488 1189 630 1266 Philippo
656 1190 735 1266 patri
762 1189 895 1260 tertium,
921 1189 984 1246 filio
1011 1189 1171 1247 secundum
1199 1188 1388 1246 consulatum
1410 1189 1537 1258 tribuat,
1564 1189 1665 1246 tribuni·

393 1293 469 1352 cium
496 1301 595 1350 autern
622 1299 799 1369 potestatem
828 1292 962 1367 quintam
987 1299 1048 1350 tam
1070 1292 1147 1366 patri
1176 1291 1370 1368 (quamquam
1392 1291 1424 1348 in
1445 1291 1504 1349 hoo
1525 1308 1578 1367 pro
1597 1307 1615 1346 v
1633 1291 1665 1350 in·
1707 1331 1708 1352 2

394 1395 490 1455 cisum
506 1405 554 1454 est
570 1395 666 1453 solum
681 1393 706 1470 l)
729 1413 819 1470 quam
835 1394 896 1452 fflio
912 1393 975 1470 (ubi
991 1412 1133 1452 numerus
1148 1393 1315 1452 luculenter
1330 1393 1478 1470 apparet),
1502 1401 1599 1470 aperte
1612 1396 1666 1451 anni

395 1505 441 1556 est
458 1496 527 1555 248.
564 1497 670 1572 Ituque
690 1497 717 1555 is
740 1497 892 1556 evidenter
911 1496 1043 1554 ostendit
1062 1497 1094 1553 in
1113 1496 1177 1554 lilio
1193 1496 1382 1554 tribuniciam
1397 1504 1576 1572 potestatem
1589 1496 1666 1571 dupli·
1707 1529 1708 1536 2

396 1601 469 1660 citer
490 1611 675 1658 numeratam
703 1617 785 1670 esse,
813 1619 879 1658 cum
902 1599 955 1657 alii
976 1598 1142 1676 inciperent
1163 1599 1200 1656 ab
1222 1617 1258 1656 eo
1281 1617 1374 1669 annu,
1401 1617 1461 1676 quo
1485 1598 1553 1673 ipse
1575 1596 1667 1656 Caesar

393 1704 490 1762 fectus
505 1713 560 1774 est,
584 1715 670 1779 pater
684 1703 852 1779 Augustus,
875 1702 927 1777 qui
948 1707 995 1759 est
1017 1719 1043 1758 a
1057 1701 1127 1772 244,
1149 1701 1250 1778 itnque
1272 1701 1366 1776 petris
1387 1711 1417 1760 et
1435 1700 1491 1759 filii
1515 1701 1666 1758 tribunicias
1707 1721 1708 1770 ι

396 1813 561 1882 potestates
583 1805 779 1880 aequabiliter
801 1811 1001 1877 numerarent,
1024 1803 1074 1862 alii
1097 1813 1195 1861 eutem
1219 1804 1256 1861 ab
1279 1822 1305 1861 a.
1323 1783 1393 1874 247,
1415 1821 1474 1878 quo
1493 1803 1589 1861 filium
1603 1813 1666 1878 pater
1707 1785 1708 1860 i

395 1909 512 1986 imperii
540 1913 709 1966 consortem
732 1905 870 1964 adscivit.
914 1907 1054 1982 Denique
1076 1925 1144 1964 cum
1165 1905 1327 1982 Philippus
1349 1905 1429 1964 iilius
1452 1903 1568 1964 Caesar
1588 1907 1663 1962 etian-
1707 1877 1708 1960 l

394 2021 457 2070 tum
485 2009 678 2068 nihilominus
700 2011 856 2086 Augustus
880 2008 1099 2085 quodammodo
1122 2015 1152 2067 et
1173 2017 1255 2067 esset
1277 2019 1307 2066 et
1328 2009 1476 2067 diceretur
1498 2008 1552 2085 (ci.
1576 2007 1667 2067 Siaru-
1707 2009 1708 2044 f

396 2115 474 2172 recht
489 2105 524 2170 2²
551 2131 579 2188 p.
599 2111 676 2170 1106
700 2121 730 2170 et
751 2111 788 2169 de
809 2111 937 2170 nummis
959 2111 1023 2170 eius
1042 2111 1259 2170 Alexandrinis
1282 2111 1436 2187 inscriptis
1459 2111 1573 2194 Καῖσαρ
1588 2103 1670 2176 Σεβα-

397 2204 465 2275 eru'c
493 2213 610 2273 Eckhel
632 2215 667 2286 4,
691 2212 758 2290 89),
789 2214 853 2272 siue
880 2215 971 2272 dubio
998 2214 1159 2273 tribunicia
1184 2220 1318 2291 potestas
1345 2231 1380 2270 eo
1407 2213 1474 2290 ipso
1504 2213 1670 2290 temporeis
1707 2205 1708 2258 i

397 2337 464 2376 eum
487 2316 598 2376 collatu
619 2325 679 2390 est,
706 2334 765 2393 quo
788 2314 902 2376 Caesar
923 2317 1021 2376 factus
1043 2325 1104 2389 est,
1128 2326 1247 2374 etcum
1269 2317 1307 2374 ad
1329 2335 1433 2374 verum
1455 2315 1585 2392 Augusti
1605 2315 1671 2372 iasti-

397 2421 478 2498 ginm
493 2429 614 2478 evectus
629 2421 755 2480 eundern
771 2420 867 2478 denuo
884 2419 1103 2496 quodammodo
1124 2427 1242 2479 auctam
1262 2425 1292 2477 et
1312 2418 1519 2477 confirmatam
1539 2419 1671 2492 reciperet

401 2541 473 2582 sune
495 2522 604 2582 idonea
625 2541 717 2581 causa
738 2531 814 2594 erat,
838 2540 890 2579 cur
912 2522 1021 2597 duplici
1043 2523 1159 2580 ratione
1180 2526 1212 2580 in
1234 2540 1270 2580 eo
1293 2521 1363 2580 anni
1385 2520 1537 2579 tribunicii
1559 2539 1672 2580 numera-
1707 2535 1708 2586 ι

396 2635 507 2684 ιειιιιιι.
525 2659 562 2668 -
579 2625 613 2682 Id
629 2625 710 2702 quod
728 2623 859 2684 diximus
879 2625 991 2684 nummi
1011 2641 1130 2700 quoque
1146 2624 1366 2700 quodammodo
1386 2623 1574 2682 confirmant.
1607 2624 1673 2680 luter

399 2747 538 2788 nummos
561 2727 696 2805 Philippi
718 2727 774 2785 filii
796 2728 903 2785 unicus
926 2727 1006 2802 quod
1029 2727 1132 2797 sciam,
1161 2727 1300 2785 denarius
1323 2725 1439 2784 seilicet
1461 2723 1674 2794 coresium,

396 2851 460 2890 eam
493 2832 590 2908 legem
624 2831 766 2907 sequitur,
800 2829 962 2888 secundum
996 2847 1085 2905 quam
1120 2830 1233 2904 scripta
1265 2837 1335 2887 sunt
1366 2827 1500 2904 diploma
1533 2847 1560 2886 a.
1576 2826 1629 2885 148
1652 2837 1673 2882 et
1707 2807 1708 2812 ἵ

398 2933 504 2992 titulus
527 2931 751 3006 Cuiculitanus,
777 2932 938 3008 inscriptus
965 2935 1033 3008 imp.
1058 2933 1100 2989 Μ.
1124 2933 1182 2989 Iul.
1205 2931 1362 3008 Philippus
1385 2929 1460 3006 Any.
1478 2931 1520 3006 )(
1535 2951 1567 3007 p.
1594 2950 1625 2986 ru.
1647 2939 1670 2985 tr.
1707 2913 1708 2920 ἶ

394 3055 427 3112 p.
443 3036 483 3093 ΙΙ
502 3053 557 3094 coe.
574 3035 614 3093 ΙΙ
627 3055 660 3111 p.
678 3054 724 3110 p,
746 3034 815 3092 anni
838 3034 951 3094 scilicet
973 3033 1043 3093 248.
1081 3035 1130 3092 Ad
1152 3033 1285 3110 reliquos
1309 3050 1413 3091 omnes
1436 3033 1602 3091 secundum
1622 3049 1668 3089 con-

400 3155 520 3196 sensum
550 3138 777 3197 numismatibus
803 3137 966 3214 peritorum
993 3136 1045 3194 lex
1066 3137 1229 3214 porrigitur
1251 3136 1289 3192 ab
1312 3134 1459 3193 Eckhelio
1482 3133 1533 3210 (7,
1553 3133 1626 3208 334)
1644 3133 1671 3188 ia

401 3239 557 3300 enuntiata
589 3236 631 3298 'in
665 3247 784 3298 moneta
816 3239 871 3297 filii
904 3241 977 3298 satis
1003 3258 1145 3315 perverse
1178 3239 1281 3298 titulos
1310 3237 1404 3316 patris
1434 3246 1578 3295 exaratos
1605 3229 1674 3294 esse’r

402 3345 517 3404 scilieet
542 3361 608 3402 cum
635 3343 666 3400 in
693 3339 823 3401 nummis
849 3340 985 3418 Philippi
1013 3340 1153 3400 Caesaris
1183 3340 1343 3400 tribunicia
1369 3345 1502 3414 potestas
1529 3357 1589 3398 non
1612 3355 1675 3395 con·

400 3453 519 3525 pereat,
551 3447 582 3504 in
611 3444 740 3503 nummis
769 3443 901 3502 eiusdem
929 3445 1077 3521 Augusti,
1112 3453 1144 3500 ut
1171 3445 1324 3502 mittamus
1353 3441 1562 3518 inscriptiones
1590 3457 1676 3517 parum

401 3559 509 3622 certas,
529 3548 659 3625 legimus
679 3548 709 3606 in
725 3546 793 3605 aliis
816 3544 934 3622 (Cohen
955 3567 983 3604 n.
1001 3545 1050 3604 22.
1068 3547 1117 3606 50.
1134 3543 1182 3605 62.
1201 3546 1253 3622 63)
1272 3565 1305 3621 p.
1322 3565 1367 3614 ut,
1385 3555 1420 3602 tr.
1431 3563 1465 3620 p.
1480 3544 1563 3618 IIII,
1580 3561 1631 3602 cos.
1644 3540 1679 3610 ll,

398 3673 430 3729 p.
449 3672 497 3728 μ,
523 3651 554 3708 in
576 3649 645 3709 aliis
668 3647 787 3726 (Cohen
810 3670 839 3708 n.
858 3647 1004 3724 23-27)
1023 3669 1055 3724 p.
1078 3667 1129 3719 m,
1156 3658 1191 3706 tr.
1210 3667 1242 3724 p.
1265 3647 1324 3717 VI,
1346 3665 1417 3717 coa,
1438 3665 1469 3722 p.
1491 3665 1522 3721 p.
1560 3645 1680 3719 Utraque

402 3753 556 3831 inscriptio
583 3753 613 3811 in
642 3761 727 3829 patre
753 3752 931 3830 saepissime
956 3751 1115 3810 invenitur.
1153 3749 1244 3824 Quod
1271 3750 1297 3807 si
1324 3749 1507 3826 quaerimus,
1535 3767 1605 3806 num
1630 3745 1680 3802 filiu

402 3873 522 3932 quoque
547 3855 741 3928 conveniant,
764 3855 854 3912 modo
875 3863 1055 3930 potestatem
1078 3853 1141 3911 eius
1163 3851 1353 3910 tribuniciam
1375 3870 1470 3929 aeque
1491 3861 1581 3927 atque
1601 3847 1680 3926 patris

403 3959 440 4016 ab
462 3979 489 4017 a.
506 3957 566 4016 244
588 3975 792 4030 numeremus,
818 3957 848 4014 in
871 3957 1038 4032 posteriore
1060 3956 1090 4013 id
1113 3974 1216 4014 verum
1240 3963 1297 4026 est,
1320 3974 1379 4012 non
1402 3973 1507 4012 verum
1530 3956 1559 4011 in
1582 3953 1681 4030 priore;

402 4081 471 4120 nam
495 4081 521 4118 a.
539 4060 598 4119 247
621 4069 707 4138 pater
729 4059 837 4118 consul
857 4061 888 4118 Il
911 4060 981 4132 fuit,
1009 4059 1088 4118 filius
1111 4059 1225 4117 consul.
1272 4057 1378 4134 Itaque
1405 4057 1476 4116 licet
1501 4057 1598 4114 adhuc
1623 4071 1682 4110 sera

404 4164 444 4221 sit
470 4163 520 4220 lex
549 4163 602 4220 illu
623 4161 823 4235 Eclrheliana,
857 4162 1035 4234 difficultas,
1059 4179 1147 4236 quam
1171 4161 1237 4237 ipse
1260 4161 1305 4218 vir
1332 4161 1461 4218 eximius
1487 4170 1565 4218 recte
1587 4157 1682 4217 sensit.

403 4285 463 4325 non
492 4263 611 4324 sublata
637 4264 758 4340 quidem
788 4275 848 4336 est,
883 4265 934 4322 sed
964 4274 1062 4323 tamen
1092 4262 1278 4338 aliquantum
1307 4263 1411 4335 lenita;
1442 4281 1512 4321 nam
1540 4280 1606 4320 cum
1632 4276 1682 4315 rno-

403 4368 509 4427 netarii
542 4367 646 4426 titulos
678 4367 811 4442 reliquos
845 4367 939 4444 patris
973 4380 1002 4425 et
1033 4366 1088 4423 filii
1121 4365 1243 4424 eosdem
1270 4382 1337 4423 esse
1364 4374 1506 4438 nossent,
1532 4365 1571 4422 ad
1598 4363 1684 4421 solun

406 4471 568 4530 discrimen
588 4471 619 4528 in
641 4471 799 4530 consulatu
821 4448 878 4529 eos⁸
897 4489 958 4529 nou
979 4469 1143 4528 attendisse
1164 4487 1224 4526 non
1247 4467 1407 4527 admodum
1429 4469 1537 4527 mirum
1559 4476 1613 4525 est.

440 4731 463 4794 ¹)
491 4732 544 4785 Sed
575 4733 644 4797 quod
668 4741 801 4798 praeterea
825 4733 950 4784 Renierus
974 4735 1000 4783 ιιι
1025 4733 1195 4800 diplomatum
1219 4732 1317 4798 sylloge
1341 4749 1367 4797 p.
1383 4733 1416 4782 52
1437 4732 1519 4782 tribus
1537 4730 1598 4780 locis
1617 4725 1684 4776 tradi·

364 4832 416 4876 tsm
441 4825 576 4874 lectionem
596 4827 705 4876 mutarit
728 4827 881 4877 coniecturis
900 4828 927 4876 in
952 4833 1051 4877 textum
1077 4829 1186 4891 receptis
1205 4826 1319 4876 scribens
1340 4841 1362 4872 v.
1380 4825 1395 4874 3
1415 4837 1498 4881 cos·
1515 4831 1684 4880 11·Dss·1u

362 4935 410 4984 pro
431 4930 667 4990 cos·111·1)ss,
689 4933 713 4968 v.
730 4917 762 4969 15
785 4935 803 4975 ιι
822 4935 869 4984 pro
889 4931 971 4976 cos·
989 4933 1123 4988 oss·1tr,
1148 4935 1170 4967 v.
1188 4917 1220 4968 16
1241 4918 1328 4968 delens
1352 4930 1411 4975 cos
1427 4943 1433 4957 ·
1451 4931 1468 4972 ιι
1484 4945 1490 4958 ·
1508 4929 1569 4986 nes,
1593 4915 1685 4962 irritet

363 5017 466 5077 praeter
484 5011 691 5076 probabilitatem
711 5019 736 5062 et
754 5018 855 5077 praeter
873 5013 1059 5072 necessitatem,
1081 5027 1128 5062 nec
1147 5011 1268 5061 ferendus
1288 5017 1328 5060 est
1345 5009 1459 5060 medicus
1480 5011 1535 5062 sine
1552 5007 1604 5057 ulls
1619 5013 1685 5054 cau⁵⁸

364 5118 453 5156 secans
472 5109 498 5154 et
517 5118 601 5154 urens.
