3428 5970
337 613 414 687 ‘488
799 637 951 688 nnuma
978 600 1213 688 scurrantis

604 739 756 746 ..—-—..-—
960 741 988 746 -.

340 828 434 868 annos
449 807 541 868 XLII
568 809 695 869 eflicitur
716 830 755 869 ex
776 813 907 870 carmine
930 812 1070 888 septim03
1097 812 1211 870 vixisse
1233 810 1386 870 mulierem
1408 830 1504 870 annos
1516 809 1596 870 LXII
1614 833 1647 871 ex

339 911 445 970 decimi
473 912 605 987 vestigiis
627 911 788 972 Kaibelius
814 914 1007 991 probabiliter
1034 914 1163 990 collegit.
1207 913 1368 972 Praeterea
1392 913 1453 971 duo
1475 923 1580 972 tantmn
1597 917 1648 974 loci

340 1022 421 1086 sunt,
444 1015 480 1073 de
503 1015 610 1090 quibus
631 1015 727 1074 habeo
750 1015 829 1092 quod
851 1016 969 1086 addam,
992 1015 1150 1074 formulam
1172 1016 1239 1074 dico
1262 1017 1340 1074 tituli
1363 1016 1491 1092 sepulcri
1512 1017 1647 1092 ipsiusss)

338 1127 465 1193 atquae
488 1117 572 1174 titulo
588 1115 663 1175 XIV
683 1118 719 1175 de
742 1117 856 1176 lunone
878 1119 1028 1195 leguntur.
1064 1118 1104 1176 Et
1126 1119 1164 1176 ad
1185 1119 1267 1176 illam
1290 1118 1369 1195 quod
1392 1120 1496 1177 attinet
1510 1119 1648 1194 Adolpbus

338 1218 498 1296 Kiessling
526 1218 644 1296 collega
674 1218 961 1297 Gryphisvaldensis
990 1220 1027 1278 de
1057 1221 1150 1279 titulis
1179 1222 1227 1280 his
1255 1221 1455 1297 interrogatus
1484 1239 1541 1279 non
1567 1221 1649 1280 minus

338 1321 424 1380 docte
463 1339 552 1398 quam
587 1329 673 1379 acute
710 1322 851 1382 indicavit
885 1323 956 1380 mihi
990 1322 1149 1382 Philoxeni
1184 1324 1333 1398 quandam
1367 1323 1499 1400 glossam
1526 1323 1648 1398 (Vulcan.

337 1445 366 1502 p.
382 1424 455 1500 147)
481 1420 599 1482 ‘obuae
625 1411 724 1503 ὅμβιξ
750 1422 777 1480 ἓν
804 1412 829 1501 ᾤ’
851 1426 907 1482 τοῖς
930 1426 1032 1506 νεκροῖς
1054 1415 1243 1498 σπένδουσιν’,
1268 1427 1319 1484 ubi
1345 1427 1470 1484 obnam
1492 1426 1650 1484 vocabulum

338 1535 439 1604 aperte
462 1527 649 1602 peregrinum
671 1529 780 1586 mutari
802 1529 867 1606 ipse
889 1535 970 1586 vetat
991 1528 1156 1586 litterarum
1179 1528 1261 1586 ordo.
1295 1527 1332 1585 In
1353 1528 1442 1586 titulo
1464 1537 1558 1586 autem
1573 1548 1649 1585 unum

337 1631 410 1706 quin
428 1629 603 1688 vocabulum
626 1629 665 1687 sit
686 1629 816 1688 dubitari
836 1637 994 1705 propterea
1016 1631 1127 1706 nequit,
1150 1630 1231 1706 quod
1253 1631 1390 1706 singulae
1411 1629 1528 1689 litterae
1547 1631 1650 1707 punctis

337 1751 398 1790 non
420 1732 576 1791 distinctae
599 1731 776 1808 compendia
790 1731 949 1790 verborum
973 1732 1074 1791 nescio
1096 1751 1174 1808 quae
1195 1751 1255 1790 non
1270 1740 1398 1809 possunt
1413 1733 1569 1791 continere.
1599 1733 1650 1789 lta·

337 1853 395 1910 que
427 1853 529 1892 verum
563 1833 675 1893 vidisse
714 1844 784 1911 puto
815 1833 1034 1910 Kiessllngium
1072 1835 1247 1912 videturque
1279 1835 1391 1893 oboos
1424 1835 1451 1892 is
1483 1835 1563 1892 loeus
1590 1833 1650 1902 diri,

337 1937 389 1995 ubi
416 1937 513 2008 obuis,
544 1937 574 1994 id
600 1945 647 1995 est
671 1937 795 2013 poculis,
825 1937 985 1996 libationes
1011 1939 1191 1996 mortuarios
1218 1936 1343 2013 fiunt1).
1386 1937 1423 1995 In
1444 1937 1651 2014 epigrammatis

337 2047 444 2116 quarto
470 2049 500 2098 et
525 2047 612 2098 sexto
639 2039 755 2098 decimo
781 2041 879 2116 ipsum
906 2041 1077 2117 sepulcrum
1104 2040 1246 2116 templum
1269 2039 1448 2115 appellatur.
1468 2071 1509 2081 ——
1533 2038 1651 2096 Litterae

338 2142 504 2218 singulares
526 2143 633 2218 quibus
657 2142 762 2200 titulus
786 2142 934 2200 clauditur
956 2157 1061 2199 n·s·r
1084 2151 1154 2200 sunt
1175 2161 1213 2200 ex
1236 2161 1491 2212 numerosarum,
1513 2159 1651 2217 quaecen

337 2251 398 2302 tam
413 2245 687 2321 interpretationem
703 2245 799 2303 adhuc
813 2253 985 2320 expectant3
1008 2255 1133 2320 possunt
1148 2261 1220 2304 sane
1235 2245 1403 2322 significare
1418 2243 1562 2318 m(critas)
1577 2241 1650 2317 aluo)

337 2345 499 2422 p(ecunla)‚
526 2347 580 2404 sed
606 2347 684 2405 aliae
709 2365 828 2424 quoque
854 2347 1073 2422 explicationes
1100 2365 1194 2423 aeque
1220 2347 1393 2424 probabiles
1415 2346 1575 2424 excogitari
1593 2357 1652 2421 pot·

337 2459 436 2521 erunt,
466 2458 497 2507 nt
523 2450 559 2506 de
586 2449 669 2506 nulla
695 2450 768 2508 satis
795 2458 920 2508 constet.
942 2481 980 2491 -
1009 2449 1044 2507 In
1070 2449 1200 2507 carmine
1217 2449 1295 2508 XIV
1317 2449 1342 2508 si
1364 2449 1437 2524 quid
1459 2449 1543 2508 video
1562 2461 1652 2506 errant

337 2559 398 2610 tam
426 2551 478 2628 qui
508 2551 545 2610 de
573 2551 729 2628 apotheosi
755 2552 857 2610 nescio
883 2569 943 2626 qua
969 2551 1150 2629 Pomptillae
1180 2551 1210 2608 id
1242 2552 1392 2627 accipiunt
1419 2569 1507 2626 quam
1533 2550 1578 2626 qui
1604 2567 1653 2625 pro

336 2655 457 2712 numine
490 2672 597 2712 nomen
631 2655 830 2726 substituens
863 2653 953 2712 immo
983 2653 1040 2711 hoc
1071 2655 1195 2712 maritus
1226 2654 1298 2712 dicit
1326 2655 1472 2712 Iunonem
1502 2671 1572 2730 qnae
1603 2651 1651 2708 luit

337 2755 515 2830 Pomptillae
548 2757 644 2827 rivae,
680 2755 710 2813 id
743 2765 790 2815 est
821 2757 949 2832 genium,
981 2757 1040 2814 iam
1073 2757 1193 2813 numine
1225 2765 1321 2814 morte
1353 2756 1419 2814 eius
1452 2763 1561 2813 mutato
1589 2771 1652 2810 con·

337 2875 454 2916 versam
477 2875 544 2917 esse
570 2859 601 2916 in
622 2857 766 2916 Iunonem
789 2859 945 2928 infernam,
971 2859 1017 2918 vel
1042 2865 1073 2916 ut
1094 2858 1213 2916 brevius
1235 2857 1332 2917 dicam
1353 2858 1463 2916 Iunoni
1484 2857 1651 2915 successisse

329 2959 409 3018 deos
436 2961 550 3019 Manes.
571 2993 612 3004 ·—
641 2959 836 3036 Pomptillam
865 2968 963 3020 eutem
992 2979 1060 3020 cum
1088 2961 1212 3019 maritus
1239 2968 1339 3019 narret
1365 2961 1522 3020 devovisse
1547 2977 1578 3018 se
1602 2977 1651 3034 pro

338 3063 399 3121 vita
420 3063 479 3137 ipsi
501 3063 658 3134 servanda,
680 3065 789 3140 poterit
810 3064 861 3138 qui
883 3063 964 3122 volet
985 3064 1060 3121 duos
1081 3081 1205 3141 angues,
1228 3065 1278 3139 qui
1302 3081 1394 3140 supra
1415 3062 1576 3139 sepulcmm
1596 3079 1652 3118 cer·

337 3173 455 3236 nuntur,
483 3183 661 3241 componere
687 3185 753 3224 cum
779 3165 947 3224 narratione
969 3167 1005 3223 de
1027 3166 1075 3224 Ti.
1100 3163 1236 3224 Graccho
1259 3175 1290 3224 et
1312 3185 1406 3224 uxore
1428 3165 1493 3224 eius
1515 3163 1650 3222 Cornelia.

322 3267 434 3324 'Aiunt
448 3267 536 3338 enim,
560 3275 592 3324 ut
605 3268 681 3326 inter
694 3267 772 3326 alios
788 3265 894 3327 Cicero
909 3267 1001 3327 refert
1023 3267 1074 3343 (de
1089 3269 1147 3326 div.
1166 3271 1193 3339 1,
1211 3269 1258 3340 18,
1276 3268 1339 3344 36),
1364 3267 1533 3328 Gracchum
1548 3265 1650 3324 duobus

338 3369 485 3445 anguibus
501 3369 582 3428 domi
598 3371 820 3447 comprehensis
837 3371 1012 3446 haruspices
1028 3371 1065 3428 de
1080 3389 1162 3428 esre
1177 3371 1377 3440 consuluisse3
1393 3371 1443 3446 qui
1461 3389 1525 3428 cnm
1540 3386 1650 3444 respon·

337 3473 461 3544 dissent,
487 3473 513 3530 si
536 3491 646 3530 marem
667 3473 828 3544 emisisset,
854 3472 942 3530 uxori
964 3473 1046 3531 brevi
1068 3481 1202 3549 tempore
1224 3472 1409 3530 moriendum
1431 3490 1509 3541 esse,
1534 3472 1559 3530 si
1578 3470 1650 3528 semi·

337 3594 416 3646 nam,
438 3575 508 3650 ipsi,
530 3575 670 3634 feminam
694 3576 832 3634 emisisse
855 3585 885 3633 et
906 3583 975 3649 post
995 3593 1107 3652 paucos
1130 3575 1192 3633 dies
1215 3575 1335 3634 obiisse.
1379 3573 1438 3635 Sed
1461 3593 1521 3633 non
1542 3573 1650 3630 deerunt

337 3677 473 3736 homines
495 3679 590 3736 severi
618 3679 670 3754 qui
697 3695 808 3754 angues
830 3678 898 3735 illos
919 3683 1040 3753 cryptae
1060 3677 1228 3752 viperarum
1250 3695 1415 3753 eponymos
1436 3697 1497 3735 non
1518 3695 1555 3734 ex
1575 3693 1651 3749 pene·

337 3780 463 3839 trallbns
491 3780 564 3838 iuris
592 3781 684 3849 sacri,
717 3781 770 3838 sed
800 3799 838 3838 ex
869 3779 1027 3837 caelatoris
1058 3779 1128 3838 lusu
1161 3780 1304 3854 originem
1332 3781 1450 3839 trahere
1477 3777 1650 3839 contendant

337 3881 498 3960 prudenter
519 3899 592 3942 sane
614 3900 632 3939 a
653 3882 802 3960 profunda
823 3881 958 3940 doctrina
980 3881 1038 3940 sibi
1060 3877 1219 3940 caventes'.

420 4087 573 4147 Hactenus
596 4087 808 4147 hlommsenus.
852 4085 995 4164 Superest
1022 4097 1055 4145 ut
1081 4088 1163 4164 ipsas
1188 4087 1397 4163 inscriptiones
1425 4087 1601 4158 adscribam,
1622 4091 1649 4140 ut

338 4209 389 4250 eas
411 4191 517 4268 excepi
539 4190 673 4249 adiutore
689 4191 883 4248 Mommsen0.
922 4189 1055 4274 Graecas
1077 4197 1218 4266 quattuor
1235 4191 1281 4247 10.
1301 4192 1348 4247 ll.
1367 4191 1415 4247 15.
1435 4189 1471 4247 16
1495 4207 1565 4248 sane
1585 4189 1648 4246 lace
1709 4239 1710 4250 ,

338 4311 388 4350 ras
414 4311 470 4370 ego
497 4294 609 4368 primus
637 4293 745 4351 addidi.
790 4291 902 4351 Omnes
929 4293 985 4349 etsi
1012 4309 1109 4367 neque
1135 4293 1173 4350 ab
1196 4293 1365 4368 argumenti
1387 4293 1530 4351 varietate
1551 4311 1601 4348 nee
1618 4289 1648 4346 ab

338 4396 411 4452 artis
444 4399 627 4471 praestantia
658 4395 909 4464 commendantur,
943 4403 1041 4453 tamen
1074 4395 1148 4454 setis
1177 4393 1330 4473 singulare
1358 4395 1517 4470 coniugum
1545 4391 1648 4469 pietatis

337 4497 507 4574 exemplum
529 4497 689 4556 nobilitant
710 4506 798 4573 atque
820 4497 990 4556 inlustrant.
1035 4496 1161 4555 Videtur
1182 4509 1282 4556 autem
1304 4497 1469 4574 Pomptilla
1490 4496 1590 4554 Parcis
1607 4511 1647 4548 ex-

337 4600 430 4658 oratis
452 4619 506 4676 pro
523 4599 664 4676 Philippo
680 4601 746 4657 vivo
769 4609 894 4658 mortem
917 4599 1055 4670 subiisse,
1077 4609 1218 4674 quantum
1243 4599 1363 4673 quidem
1385 4618 1422 4656 ex
1446 4599 1548 4674 templi
1570 4606 1647 4654 struc-
1708 4579 1709 4588 ἵ

337 4711 405 4760 tura
432 4711 460 4759 et
486 4721 524 4759 ex
551 4702 716 4759 litterarum
743 4701 845 4760 formis
872 4703 1012 4778 colligere
1039 4705 1149 4772 ausim,
1176 4701 1310 4758 secundo
1332 4701 1393 4759 fere
1415 4719 1445 4776 p.
1461 4700 1530 4760 Chr.
1546 4719 1573 4756 n.
1594 4715 1646 4753 sae

337 4805 420 4875 culo,
451 4813 485 4862 ut
511 4808 570 4860 iam
600 4805 651 4879 qui
679 4802 820 4863 Cassium
849 4805 1022 4880 Philippum
1051 4823 1088 4861 ex
1117 4803 1187 4860 urbe
1216 4803 1334 4862 exulem
1363 4822 1401 4860 ex
1430 4803 1538 4860 tradita
1564 4817 1645 4858 rernm

337 4906 481 4965 memoria
506 4906 743 4982 investigandum
771 4907 939 4982 suscipiant
963 4907 994 4964 in
1019 4905 1066 4964 his
1093 4905 1318 4982 angustioribus
1345 4905 1529 4964 coniectandi
1554 4902 1645 4962 finibus

339 5027 406 5069 sese
428 5010 579 5068 continere
602 5017 746 5084 oporteat.
783 5009 818 5066 In
833 5009 1024 5068 restituendis
1047 5017 1076 5068 et
1099 5007 1258 5085 explendis
1280 5007 1461 5066 carminibus
1476 5005 1586 5064 Latinis
1600 5019 1644 5060 nos

339 5111 452 5172 adiuvit
466 5113 544 5170 inter
558 5111 635 5169 alios
650 5111 831 5170 Franciseus
847 5111 1027 5182 Buecheler3
1052 5107 1319 5170 Graece'restituit
1334 5109 1484 5186 Georgius
1498 5105 1643 5168 Kaibellus.

435 5277 458 5340 ¹)
486 5281 623 5345 Inscriptio
643 5281 771 5330 Africana
789 5281 838 5330 vor.
853 5281 920 5332 v111
940 5297 965 5331 n.
980 5281 1063 5332 aare:
1089 5277 1145 5330 octo
1166 5278 1196 5329 P.
1217 5279 1293 5342 roe)
1316 5277 1480 5331 necesses.-
1499 5275 1579 5338 vrato
1597 5273 1644 5330 atr·-

340 5372 395 5430 ²¹⁰⁸)
415 5367 509 5420 XXX:
529 5371 621 5438 capula
632 5371 710 5438 sacta
720 5372 822 5438 fratrea
833 5374 914 5440 ipsias
927 5389 988 5424 num
1001 5373 1051 5425 hue
1063 5375 1124 5424 item
1138 5374 1272 5438 pertineat,
1293 5375 1397 5439 ambigo
1411 5387 1493 5440 neque
1505 5385 1534 5422 ea
1545 5365 1644 5420 lenonis

341 5461 401 5511 satis
421 5469 503 5512 certae
523 5470 568 5513 est.
