3530 5972
455 604 754 668 oessnvsrronrs
777 607 1063 658 nrmnsrurosn.
1348 589 1420 662 531,

90 707 268 720 -Ofl-'w-—v-
750 711 857 716 ---.-.-

174 781 329 842 Immunes
351 780 444 840 habes
465 798 558 857 supra
581 781 746 840 recensitos
768 799 797 857 p.
814 781 873 840 409
886 799 948 858 seq.
985 781 1075 856 Quod
1096 782 1224 842 adicitur
1246 783 1423 842 vocabulum

85 881 227 959 explicat
248 881 433 944 Torrutenus
453 882 600 944 Paternus
623 883 653 942 in
674 881 752 944 libro
775 883 812 942 ds
833 903 865 942 re
887 884 1007 942 militari
1027 883 1111 960 (Dig.
1124 885 1221 958 50,-6,
1234 885 1266 960 7)
1286 885 1363 943 inter
1378 906 1423 944 re-

86 984 197 1061 liquos
218 984 364 1044 immunes
391 1003 550 1046 recensens
572 996 727 1046 venatores.
765 986 840 1048 Eius
862 987 920 1044 loci
942 987 1065 1046 militem
1088 987 1184 1044 adhuc
1206 987 1285 1046 tituli
1307 988 1422 1048 nullum

84 1086 250 1160 dederunt,
282 1098 315 1148 ut
338 1087 413 1146 sdeo
440 1087 555 1166 primus
582 1089 631 1148 hic
657 1089 697 1148 sit
724 1090 774 1166 qui
800 1087 839 1148 sd
860 1089 1001 1148 immunis
1021 1089 1196 1148 vocabulum
1223 1089 1421 1148 immunitatis

83 1207 214 1248 causum
241 1190 404 1262 sdscrihst3
438 1190 492 1250 sed
514 1210 580 1250 cum
602 1191 681 1267 legio
703 1191 858 1267 pecuarios
881 1209 951 1250 suos
978 1191 1100 1264 habeat,
1123 1197 1280 1250 venatores
1302 1211 1420 1269 quoque

83 1301 167 1351 recte
197 1293 226 1352 ei
252 1293 447 1366 conveniunt,
475 1293 606 1352 maxime
633 1293 838 1370 praesidiariis
867 1293 1037 1352 constitutis
1063 1293 1095 1352 in
1116 1293 1210 1352 deviis
1233 1295 1370 1370 partibus
1393 1303 1422 1352 et

83 1393 242 1452 venationi
264 1395 328 1454 sine
351 1395 442 1456 dubio
463 1396 552 1473 aptis.

172 1494 345 1573 Sequuntur
373 1499 509 1576 gregales
539 1497 629 1556 solito
656 1515 738 1556 more
766 1497 906 1574 dispositi
935 1497 1097 1558 secundom
1124 1499 1276 1571 cohortes,
1306 1499 1420 1570 electis,

82 1597 176 1658 modo
207 1599 308 1658 omnis
333 1613 410 1660 recte
432 1610 462 1658 et
483 1600 569 1676 plene
591 1600 701 1658 tradita
722 1599 794 1673 sint,
821 1621 860 1660 ex
888 1601 1063 1660 cohortibus
1084 1601 1107 1658 I.
1125 1599 1300 1658 11.111.1v
1322 1602 1419 1658 homi-

83 1701 176 1766 nibus
201 1702 340 1777 equinis
362 1703 399 1760 sd
421 1721 531 1774 nonos,
560 1721 599 1760 err
621 1703 725 1778 quinta
746 1703 918 1762 hominibus
941 1701 1109 1776 XXXVII,
1138 1721 1176 1762 ex
1198 1703 1329 1778 quinque
1350 1704 1419 1760 reli-

82 1803 153 1879 quis
179 1803 282 1862 nullis.
310 1802 352 1862 Hi
373 1805 489 1864 numeri
510 1813 638 1880 possunt
659 1822 731 1864 esne
752 1821 825 1864 casu
846 1805 889 1864 ite
907 1804 1101 1881 processisse,
1123 1823 1189 1864 cum
1210 1806 1242 1864 in
1257 1805 1419 1882 praesidiis

82 1906 306 1966 constituendis
329 1907 495 1983 aequabitis
517 1907 595 1966 inter
608 1907 745 1964 cohortes
768 1906 938 1965 distributio
960 1907 1082 1966 minime
1104 1906 1282 1984 requiratur.
1310 1907 1419 1966 Viden-

82 2008 155 2068 dum
180 2019 290 2081 tsmen,
312 2029 382 2068 num
398 2010 549 2086 praesidia
571 2028 608 2067 ex
627 2009 744 2086 legione
765 2011 808 2068 its
829 2010 992 2070 constituta
1013 2009 1084 2080 sint,
1106 2016 1138 2067 ut
1160 2010 1285 2070 alierum
1301 2019 1418 2087 partem

81 2112 226 2170 cohortes
248 2111 381 2188 quinque
402 2112 518 2189 priores
540 2111 655 2183 darent,
677 2112 801 2169 alteram
817 2112 1009 2188 posteriores,
1033 2112 1172 2187 quonism
1196 2113 1286 2170 etism
1308 2113 1339 2170 in
1353 2112 1418 2172 No·

82 2213 151 2272 titis
176 2213 365 2293 Dignitntum
387 2213 551 2274 occidentis
573 2215 604 2272 in
625 2213 742 2290 legione
763 2214 984 2290 distinguuntur
1001 2217 1145 2292 praesenti
1167 2214 1296 2290 lapicius,
1317 2217 1417 2274 cotor-

81 2319 154 2374 tium
179 2320 319 2394 quinque,
341 2321 437 2394 parto
463 2317 524 2394 (vel
543 2316 714 2394 pedaturae)
743 2320 899 2394 superioris
926 2324 956 2376 et
973 2321 1071 2394 portis
1098 2315 1159 2392 (vel
1177 2317 1351 2394 pedaturae)
1373 2321 1417 2374 in·

75 2419 253 2494 serior-w).

167 2522 289 2598 Agmen
311 2521 454 2582 clsudunt
478 2522 593 2599 equites
619 2521 759 2599 legionis,
786 2541 891 2599 nempe
918 2521 1037 2582 decurio
1060 2527 1089 2579 et
1111 2538 1203 2597 eques
1232 2539 1322 2592 unus3
1351 2521 1415 2596 plu·

81 2641 130 2682 res
154 2623 236 2682 enim
265 2623 295 2681 in
321 2625 472 2700 praesidio
498 2644 558 2683 non
583 2625 712 2684 fuerunt.
752 2623 818 2684 Nec
839 2625 945 2682 mirum
967 2624 1012 2696 id,
1038 2641 1104 2682 cum
1126 2622 1276 2700 praetento
1298 2623 1415 2684 cuidam

81 2745 177 2786 msnu
195 2726 316 2785 militari
332 2726 474 2803 indigenti
490 2728 551 2786 dati
567 2745 634 2786 esse
649 2727 834 2802 reperientur
848 2725 1031 2786 beneficiarii
1046 2726 1155 2796 decem,
1174 2725 1289 2802 equites
1304 2726 1363 2784 dno
1373 2724 1414 2800 ⁹).

80 2827 211 2906 Equites
233 2829 390 2907 legionarii
413 2839 445 2888 ut
466 2831 529 2888 noti
552 2839 629 2901 sunt,
653 2831 696 2888 its
711 2830 761 2906 qui
776 2830 805 2886 in
822 2829 966 2888 laterculo
988 2827 1156 2886 nominatur
1171 2828 1285 2886 decurio
1300 2846 1414 2900 eorum,

80 2932 199 3008 primus
225 2931 255 2988 ni
280 2931 370 2990 fallor
395 2933 459 2990 eius
484 2932 542 2990 loci
569 2942 615 2990 est
641 2933 692 3008 qui
719 2932 895 2990 innotescet.
940 2929 1084 2991 Similiter
1104 2930 1271 2988 vexillarius
1294 2947 1414 3006 quoque

82 3038 209 3110 equitum
237 3033 355 3110 legionis
383 3034 478 3093 sdhuc
504 3043 564 3093 stat
585 3053 644 3092 uno
666 3034 754 3092 titulo
776 3033 918 3092 Africano
941 3031 1254 3090 v01.v111n.10629
1278 3029 1414 3089 addendo

81 3153 178 3214 supra
197 3155 227 3215 p.
244 3135 303 3196 356
326 3137 511 3215 compositis.
534 3169 574 3179 —-
597 3134 684 3210 Quod
706 3137 821 3213 equites
844 3143 1035 3195 recensentur
1056 3142 1142 3194 extre
1169 3135 1320 3207 cohortes,
1346 3152 1412 3192 cum

82 3237 221 3298 laterculi
242 3239 341 3298 edhuc
362 3240 440 3312 noti,
467 3240 596 3298 maxime
617 3241 737 3311 urbani,
765 3238 879 3315 equites
906 3239 984 3296 intra
1005 3237 1143 3296 cohortes
1165 3245 1342 3296 recenseant
1362 3235 1414 3294 sd-

81 3341 238 3401 notatione
260 3341 417 3400 distinctos
440 3341 576 3399 similiter
597 3353 686 3418 utque
707 3341 900 3419 principales,
923 3341 1069 3400 rationem
1086 3340 1188 3414 habet3
1212 3339 1333 3398 nemin
1355 3339 1413 3398 hoc

81 3461 211 3504 recensu
232 3443 320 3502 etism
343 3442 524 3519 principales
546 3445 777 3521 praemittuntur
799 3463 837 3501 ex
860 3444 963 3502 ordine
985 3443 1124 3518 exempti.

167 3543 299 3604 Nomius
320 3545 447 3606 militum
469 3563 535 3604 eum
558 3546 649 3604 solitu
671 3546 730 3606 sint
751 3545 839 3604 huius
862 3545 978 3617 estatis,
1001 3563 1061 3604 non
1084 3545 1139 3603 ebs
1160 3563 1193 3602 re
1215 3544 1413 3604 videturesse

80 3648 253 3721 observare,
268 3648 349 3724 quod
363 3655 553 3707 reeensentur
567 3648 638 3706 Iulii
650 3647 690 3721 X,
707 3645 825 3706 Claudii
837 3647 877 3716 ΙΙ,
892 3647 992 3706 Flavii
1003 3646 1061 3719 IX,
1078 3644 1220 3706 Cocceius
1233 3645 1258 3718 I,
1272 3644 1356 3720 Ulpii
1368 3646 1410 3715 ΙΙ,

82 3750 163 3808 Aelii
180 3749 269 3822 VIII,
293 3750 409 3808 Aurelii
431 3749 539 3822 XVII,
565 3748 848 3827 praeterenVelerii
869 3749 929 3818 XI,
957 3748 1084 3806 aliorum
1112 3748 1331 3824 gentiliciorum
1352 3747 1410 3806 XI.

80 3851 182 3910 Medio
197 3851 287 3930 igitur
309 3853 430 3911 saeculo
453 3852 583 3910 secundo
606 3853 727 3910 nomine
747 3850 940 3926 imperatoris
961 3859 991 3908 et
1011 3857 1162 3910 castrense
1184 3850 1336 3926 antiquum
1349 3849 1410 3907 Va-

80 3953 187 4014 lerum
209 3954 377 4033 reliquata
399 3954 562 4032 provinciis
585 3964 663 4014 certe
685 3953 743 4014 inm
766 3954 827 4012 fere
850 3951 1033 4034 expulerunt.

206 4305 408 4404 XXXII.
467 4305 935 4404 PRINCIPALIVM
963 4298 1288 4400 RECENSVS

329 4447 679 4546 SECVNDVM
708 4442 1161 4543 PRAEPOSITOS.

165 4636 377 4700 commentarii
405 4639 566 4702 Canerinni
596 4641 632 4700 de
659 4641 875 4719 principalibus
904 4639 948 4716 (p.
965 4635 1152 4712 355-481)
1182 4633 1408 4713 diligentissime

80 4742 226 4800 elebornti
248 4760 315 4800 cum
337 4743 495 4802 utilitatem
517 4761 553 4802 eo
574 4743 710 4821 impediri
734 4743 964 4811 intellexissem,
987 4741 1068 4816 quod
1089 4747 1191 4798 auctor
1212 4755 1272 4796 non
1294 4735 1409 4793 eddidit

79 4862 235 4904 recensum
264 4845 428 4904 secundnm
456 4847 644 4924 praepositos
673 4846 836 4922 digestum,
865 4842 1064 4921 supplementi
1092 4841 1160 4901 loco
1186 4839 1314 4898 indicem
1340 4856 1408 4895 eum

155 5031 179 5093 ¹)
205 5034 290 5084 Locos
309 5037 454 5100 composuit
472 5037 554 5090 Seeck
573 5037 600 5087 in
619 5035 703 5086 indice
723 5035 844 5085 editionis
862 5049 888 5098 p.
899 5033 961 5084 332.
991 5031 1067 5094 Quod
1086 5047 1133 5097 pro
1152 5027 1288 5081 cohortium
1301 5025 1407 5093 quinque

78 5131 199 5190 perpetuo
220 5127 330 5177 traditur
348 5125 459 5177 cohortis
471 5129 580 5195 quintae,
600 5136 689 5178 nstnrn
706 5127 858 5179 crediderim
878 5139 910 5176 cx
927 5125 1085 5191 compendiis
1104 5123 1171 5174 mule
1190 5120 1289 5172 solutis.

152 5215 178 5280 ²)
204 5219 307 5274 Plinius
325 5220 359 5272 sd
373 5221 443 5278 Tres
458 5223 507 5277 21:
526 5227 554 5274 ut
572 5227 701 5272 contentos
719 5227 782 5272 esset
801 5217 968 5288 beneficiariis
981 5217 1069 5278 decern
1089 5212 1213 5283 equitibus
1229 5210 1333 5274 duobus,
1352 5225 1407 5262 cen·

78 5309 171 5362 serione
189 5327 248 5364 uno.
