3530 5972
454 628 757 684 onsnnvurrouns
778 627 1062 681 amensamens.
1347 608 1419 680 523

94 806 173 882 quod
189 825 228 864 ex
240 804 416 884 cognomine
431 806 511 882 quod
526 814 572 863 est
584 803 749 862 Liciniana
763 803 841 862 effici
857 802 974 862 videtur
984 801 1135 873 Lioittiua3
1150 820 1246 878 neque
1261 803 1340 860 enirn
1354 800 1423 858 inde

92 919 171 967 recte
197 909 349 984 colligitur
369 908 458 966 etiam
483 906 651 968 Suavittam
673 914 703 966 et
723 903 868 964 Livittam
894 903 1071 982 cognomina
1093 905 1122 962 in
1145 921 1201 962 usu
1223 903 1324 962 inisse.
1361 903 1422 962 De·

93 1012 182 1087 nique
205 1011 386 1068 eliminanda
405 1017 476 1068 sunt
497 1021 637 1084 corrupta
656 1009 704 1068 vel
725 1007 913 1084 corruptelae
935 1017 1084 1082 suspecta,
1108 1013 1141 1064 ut
1154 1006 1186 1064 in
1200 1006 1289 1064 titolo
1308 1005 1423 1064 urbano

92 1113 213 1171 Marinii
237 1115 309 1172 Arc.
333 1134 361 1190 p.
378 1113 437 1170 233
461 1131 520 1170 non
542 1112 653 1168 Facito
674 1120 734 1182 est,
759 1110 811 1168 sed
834 1117 907 1166 teste
931 1107 1106 1166 Detlesseno
1129 1109 1253 1178 Fausta;
1286 1115 1319 1166 ut
1341 1107 1423 1167 Caei-

90 1220 170 1286 nitto‚
198 1214 279 1291 quod
306 1215 392 1292 ponit
417 1213 558 1272 Kleinius
585 1213 681 1272 citans
707 1229 746 1270 ex
770 1210 909 1286 Templio
935 1209 1075 1268 Casinitio
1097 1210 1253 1282 Honorati,
1281 1229 1349 1268 vere
1377 1218 1424 1268 est

95 1317 199 1376 Cassia
220 1317 366 1374 Honorati
383 1315 450 1390 filia
472 1314 618 1373 rolVlIl
642 1335 670 1374 n.
687 1313 778 1384 15593
812 1320 844 1370 ut
867 1311 998 1370 Senecita
1024 1312 1103 1372 tituli
1123 1312 1289 1372 Britannici
1318 1331 1423 1388 parum

93 1419 165 1476 hene
188 1418 290 1476 traditi
305 1418 363 1476 vol.
373 1417 431 1476 Vll
445 1439 473 1476 n.
488 1416 557 1476 932.
591 1415 670 1474 Nam
692 1416 722 1472 in
745 1413 971 1490 quaestionibus
995 1413 1059 1473 cius
1081 1418 1199 1492 generis
1221 1413 1423 1492 grammaticis

93 1531 121 1578 et
141 1519 382 1596 orthographicis
406 1519 500 1576 multo
515 1517 612 1576 minus
632 1525 764 1594 peccant,
787 1517 836 1591 qui
853 1516 956 1574 titulos
972 1534 1074 1574 omnes
1088 1517 1194 1594 procul
1208 1516 1318 1574 habent
1332 1533 1422 1591 quam

92 1623 142 1698 qui
157 1631 271 1680 temere
292 1621 330 1680 iis
354 1630 474 1679 utuntur
496 1620 577 1678 nullo
600 1619 715 1678 delectu
737 1618 879 1693 nulloque
901 1619 1012 1676 iudicio
1028 1617 1169 1676 adhibito.
1203 1617 1300 1677 Immo
1320 1619 1351 1676 in
1366 1617 1423 1676 hac

92 1724 269 1800 quaestione
291 1742 327 1780 ea
349 1722 410 1780 iere
433 1723 500 1782 sola
520 1721 699 1799 cognomina
720 1721 751 1778 in
773 1737 894 1778 censum
912 1720 1041 1792 veniunt,
1063 1738 1139 1796 quae
1161 1730 1191 1779 et
1208 1721 1342 1797 pluribus
1364 1729 1423 1778 tes·

92 1826 225 1885 timoniis
253 1825 425 1896 fulciuntur,
454 1843 520 1882 cnm
543 1823 648 1882 unicus
671 1821 773 1880 titulus
795 1821 904 1898 plebeii
926 1821 1039 1880 ordinis
1062 1822 1100 1880 ob
1122 1822 1153 1880 id
1174 1823 1273 1900 ipsum
1296 1823 1423 1881 auctori·

93 1937 152 1987 tate
176 1946 296 2004 semper
317 1935 426 1998 careat,
449 1935 479 1984 et
500 1935 619 2002 etymon
642 1925 753 1982 habent
775 1925 926 1982 evidenter
948 1924 1109 1983 delinitum.

173 2030 311 2108 Purgato
332 2047 402 2086 area
423 2047 499 2104 quae
522 2035 637 2085 restant
653 2026 797 2084 vocabula
812 2036 881 2084 sunt
902 2037 1043 2102 quattuor
1059 2035 1172 2085 tantum
1189 2047 1312 2086 numero
1334 2027 1421 2085 haec:

94 2131 235 2203 Gallitta,
256 2131 372 2200 Inlilta,
393 2130 513 2188 Pollitta
534 2130 596 2188 sivo
618 2129 739 2198 Politia,
759 2127 905 2198 lieilitla,
927 2147 1052 2205 quorum
1075 2130 1133 2187 tria
1152 2129 1250 2206 prima
1271 2128 1372 2188 multia
1394 2137 1425 2186 et

92 2235 181 2293 certia
204 2233 367 2293 testimonii
390 2233 530 2303 nituntur,
553 2231 582 2288 in
606 2231 653 2288 his
676 2232 805 2308 optimae
826 2230 933 2288 aetatis
960 2232 1147 2306 quibusdam,
1174 2241 1312 2307 quartum
1335 2231 1423 2288 unico

93 2335 179 2394 titulo
196 2336 341 2394 Africano
364 2334 420 2394 vol.
431 2333 509 2392 Vlll
532 2353 560 2390 n.
574 2333 664 2402 6777,
679 2333 728 2390 ubi
744 2351 799 2408 pro
820 2333 917 2391 Vilitta
931 2331 1062 2391 Renierii
1086 2331 1246 2408 [L]ioilitta
1256 2332 1423 2391 Wilmann-

94 2441 155 2497 sius
178 2438 217 2497 de
240 2437 338 2515 lapide
360 2436 487 2511 excepit.
526 2435 591 2493 lam
613 2435 644 2492 in
666 2434 714 2493 his
736 2455 789 2492 cur
810 2435 915 2510 lingua
940 2435 978 2492 ad
1001 2425 1210 2516 ὑποκοριπικὲν
1236 2435 1336 2493 minus
1363 2435 1424 2492 sol·

92 2539 190 2599 lemne
212 2539 395 2616 confugerit,
422 2537 453 2596 in
475 2547 579 2615 aperto
601 2545 663 2608 est3
689 2555 756 2595 nam
779 2557 798 2595 a
820 2535 924 2608 Galla,
946 2535 1039 2607 Iulia,
1062 2536 1152 2594 Polla
1174 2537 1237 2595 sive
1258 2537 1350 2608 Pola,
1371 2535 1424 2594 Li·

93 2643 165 2701 villo
188 2641 330 2702 sollemni
352 2639 551 2699 declinatione
565 2657 642 2716 quae
664 2637 853 2698 efficerentur
868 2637 1003 2709 Gallilla,
1018 2637 1128 2708 Iulilla,
1143 2637 1274 2711 Pollilla‚
1290 2637 1424 2697 Livililla

92 2751 216 2822 propter
236 2743 369 2820 liquidae
391 2743 595 2818 repetitionem
619 2759 706 2800 aures
728 2741 931 2800 offendissent.

175 2845 323 2923 Epicoeni
350 2849 467 2922 generis
495 2843 641 2902 adiectiva
668 2843 717 2901 ubi
744 2844 774 2901 in
801 2844 979 2920 cognomina
1005 2843 1127 2916 abeunt,
1154 2843 1327 2922 plerumque
1349 2843 1422 2902 viris

93 2948 241 3007 reservari
269 2949 354 3006 novit
387 2947 566 3024 quicumque
596 2945 745 3004 nominum
780 2945 924 3004 rationem
958 2945 1037 3021 apud
1070 2944 1222 3004 Romanos
1256 2944 1422 3023 perpendit.

93 3049 161 3110 Hoc
182 3052 314 3109 fortasse
336 3047 545 3108 observatione
573 3067 631 3106 non
659 3047 811 3124 indignum
834 3048 931 3105 estin
954 3047 1047 3106 titulis
1072 3047 1222 3106 Africanis
1245 3049 1422 3126 cognomina

94 3152 242 3229 quaedam
268 3151 424 3210 muliebria
449 3151 571 3228 reperiri
600 3169 638 3208 ex
666 3151 817 3226 epicoenis
847 3151 976 3208 formata
1001 3149 1134 3226 legitima
1160 3150 1358 3208 declinatione
1379 3153 1423 3208 ita

94 3255 260 3326 immutata,
283 3265 315 3312 ut
337 3271 428 3330 genus
451 3263 531 3310 certo
551 3252 663 3311 indicio
686 3253 912 3328 significaretur.
946 3250 997 3312 Sic
1018 3252 1209 3311 inveniuntur
1220 3253 1368 3312 Maiorico
1382 3285 1421 3295 -

20 3385 23 3394 ·
94 3357 243 3416 Minor-ica
263 3389 304 3399 —
325 3355 465 3414 Natalica
488 3389 525 3398 -
547 3354 668 3413 Vitalieo
692 3387 729 3397 -
749 3353 881 3431 Spenioa.
919 3353 995 3416 Sunt
1021 3367 1120 3413 tamen
1147 3355 1217 3413 item
1243 3357 1423 3432 cognomina

95 3459 234 3518 similiter
254 3458 384 3517 formata
405 3457 582 3516 necessitate
604 3456 687 3514 nulla
708 3466 842 3535 cogente,
865 3467 898 3514 ut
913 3455 1076 3516 Matronioo
1101 3489 1139 3500 -
1154 3455 1286 3516 Nonnica
1300 3491 1341 3500 —
1356 3457 1422 3515 Pri-

94 3562 198 3620 nuliaa
215 3594 252 3604 -
269 3560 435 3620 Victoriana.
473 3559 520 3618 Ad
542 3559 686 3618 eiusmodi
714 3577 802 3616 usum
823 3557 989 3618 insularum
1011 3558 1174 3618 Baliarium
1203 3561 1324 3618 nomina
1345 3578 1421 3636 quae

95 3683 172 3723 nunc
195 3673 266 3721 sunt
286 3663 421 3721 redeunt.

177 3765 221 3826 Ut
246 3765 364 3842 generis
390 3763 586 3822 differentiam
616 3771 727 3821 certam
757 3764 936 3840 cognomina
962 3771 1120 3836 sectantur,
1152 3764 1195 3822 ita
1220 3763 1277 3823 hoc
1302 3782 1422 3841 qnoque

96 3887 184 3928 nsum
206 3885 321 3939 curare,
343 3886 380 3925 ne
402 3866 580 3942 cognomina
600 3873 628 3924 et
649 3865 769 3924 ethnica
790 3865 1008 3925 confundantur
1028 3885 1065 3924 ea
1085 3873 1163 3924 certe
1185 3883 1261 3942 quae
1282 3867 1320 3926 ab
1342 3867 1421 3924 urbi·

95 3970 152 4030 bus
180 3970 362 4042 derivantur,
395 3969 454 4026 alio
483 3967 548 4026 loco
577 3969 662 4042 (rint.
685 3969 803 4026 Foracln
825 3967 853 4039 2,
874 3967 948 4044 290)
980 3967 1017 4026 de
1046 3968 1199 4028 hominnm
1230 3969 1421 4043 patriciorum

95 4071 250 4131 vocabulis
280 4071 418 4149 exposui.
463 4069 577 4131 Similis
606 4070 657 4128 lex
684 4071 713 4128 in
742 4070 892 4129 Africanis
921 4089 1038 4147 quoque
1064 4071 1186 4130 obtinet.
1233 4069 1313 4129 Nam
1339 4071 1422 4147 Asci·

95 4191 197 4246 conae,
224 4175 363 4246 Maureta,
389 4173 573 4244 Numidicas,
601 4171 754 4244 Gaetulus,
781 4172 922 4244 Noricos,
948 4171 1100 4244 Lacaena,
1126 4172 1272 4231 Aurariae
1298 4171 1421 4230 similia-

96 4295 152 4352 que
175 4277 287 4355 passim
309 4276 431 4347 adsunt3
455 4284 557 4334 contra
577 4275 608 4332 in
631 4275 770 4334 universo
790 4275 941 4334 volumine
957 4275 1176 4346 Africanarum,
1198 4275 1258 4333 nisi
1279 4275 1352 4351 qnid
1374 4295 1422 4334 me

96 4379 182 4456 sugit,
198 4379 271 4438 haec
286 4387 400 4438 tantum
416 4379 605 4454 reperiuntur
619 4378 796 4454 cognomina
811 4376 973 4454 oppidana:
991 4377 1183 4458 Aquileiensis
1200 4376 1257 4453 (1),
1273 4376 1420 4436 Lamleai-

96 4575 161 4628 haec
180 4579 305 4628 vocabula
323 4578 415 4627 aetatis
434 4575 596 4628 Christianae
616 4575 671 4625 lora
690 4575 808 4624 similiter
830 4575 1037 4640 interpretandae
1056 4581 1115 4626 sunt
1138 4581 1214 4640 atqua
1233 4590 1298 4641 qnae
1317 4575 1343 4626 in
1364 4591 1421 4626 -oaa

96 4677 190 4720 exeunt
209 4684 286 4736 supra
305 4671 446 4734 explicata;
466 4684 548 4734 nequa
568 4669 636 4718 enim
656 4667 774 4716 ridentur
793 4669 906 4732 separari
923 4683 998 4732 posse
1016 4683 1033 4717 a
1052 4665 1117 4718 bana
1136 4675 1160 4717 et
1178 4683 1262 4718 nonna
1280 4667 1420 4730 vocabulis,

97 4778 142 4812 nec
162 4764 255 4828 magis,
275 4769 303 4812 ut
322 4763 422 4812 monuit
441 4763 530 4812 doctus
550 4761 648 4810 amicus
668 4760 778 4809 Adolfns
798 4759 902 4822 Tobler,
923 4760 954 4809 ab
974 4761 1199 4826 hypocoristoricia
1217 4761 1360 4825 linguarum
1380 4775 1420 4810 re·

98 4856 237 4905 centiorum
257 4856 343 4920 qualia
361 4861 420 4904 sont
442 4852 466 4904 T
464 4854 555 4904 ereaita
574 4859 600 4902 et
621 4851 750 4902 Ginlielta.
792 4851 901 4918 Reliqua
919 4852 946 4901 in
966 4853 1019 4902 -itn
1037 4853 1165 4914 finienda,
1192 4861 1317 4919 qnatenus
1337 4860 1420 4902 certae

98 4946 311 5012 interpretationis
331 4953 389 4996 sunt
415 4946 452 5008 (id
476 4947 545 5011 quod
570 4961 621 4995 non
648 4944 717 4994 eadit
735 4945 762 4993 in
785 4941 885 4994 Caerite
905 4944 1056 4994 vocabulum
1076 4945 1207 4994 titulorum
1225 4945 1420 4994 Zaraitanorom

98 5039 148 5087 rol.
158 5039 224 5088 VIII
243 5055 268 5088 n.
283 5039 363 5089 4544.
378 5039 460 5102 4545)
481 5039 533 5088 alio
552 5038 694 5103 pertinent,
716 5043 743 5085 nt
762 5043 820 5086 sunt
839 5043 939 5100 praeter
957 5035 1091 5087 Frunitam
1110 5037 1189 5086 Avito
1209 5062 1242 5071 -
1266 5033 1366 5086 Crinito
1385 5063 1418 5072 -

102 5131 191 5196 l'upita
211 5157 244 5165 —
265 5128 355 5179 Finita
374 5157 407 5167 -
429 5129 530 5180 Mellito
551 5157 583 5164 -
606 5128 707 5196 Popita.
737 5129 851 5180 Nomina
870 5129 964 5178 similia
984 5131 1125 5178 masculina
1144 5143 1254 5192 perrara,
1275 5135 1303 5177 nt
1321 5125 1420 5176 Manita

99 5223 131 5281 V,
149 5225 216 5273 1179
238 5249 270 5257 -
290 5222 367 5272 licito
386 5224 418 5284 V,
440 5223 510 5273 2743
531 5249 563 5258 -
585 5220 680 5288 Popito
699 5223 731 5282 V,
746 5221 816 5271 7456
841 5221 896 5270 sine
915 5221 993 5272 dnbio
1019 5221 1127 5271 barbara
1146 5229 1217 5282 snut,
1242 5220 1420 5286 componenda

99 5331 156 5364 cnm
176 5313 304 5380 Franitta,
323 5312 437 5380 Nec-illo,
461 5313 545 5364 Tritia
564 5314 606 5379 (V,
622 5315 713 5376 7793).
