3394 5976
350 717 648 770 oasasvnrtouas
674 717 959 770 amennrntcaa.
1240 698 1312 770 229

15 895 109 968 iniqua
134 901 230 950 aetate
258 911 328 950 cum
356 893 514 968 legionarii
541 893 652 951 milites
680 893 810 952 nondum
838 894 869 951 in
896 895 1034 952 cohortes
1057 893 1186 952 ordinati
1210 912 1312 952 secun-

13 995 55 1052 dun
73 995 287 1069 stipendiorum
317 1015 472 1054 numerum
500 997 690 1072 potissimum
718 997 748 1052 in
776 997 835 1054 tria
862 1016 972 1074 genera
993 997 1120 1073 pilorum
1144 997 1312 1074 principum

11 1097 156 1154 hastatorum
171 1097 437 1170 distribuerentur,
459 1099 648 1156 centuriones
662 1117 780 1174 quoque
797 1099 932 1156 similiter
948 1099 1060 1166 divisos
1076 1117 1144 1158 esse
1159 1099 1216 1157 viri
1232 1099 1312 1156 docti

11 1207 118 1268 statuunt,
140 1199 256 1258 scilicet
273 1209 343 1278 post
358 1201 459 1259 decem
482 1201 559 1277 pilos
582 1201 716 1277 priorum
740 1202 940 1260 centuriarum
955 1234 996 1244 -
1011 1203 1054 1260 ita
1076 1203 1154 1260 enim
1177 1211 1238 1260 tum
1261 1221 1312 1278 ap-

11 1303 159 1376 pellabantur
186 1321 357 1380 suppressa
384 1316 483 1362 mmen
511 1312 542 1362 ut
569 1305 598 1360 in
626 1304 750 1378 reliquis
780 1306 907 1382 passim,
940 1306 982 1362 ita
1011 1323 1128 1380 semper
1155 1305 1185 1363 in
1212 1303 1309 1380 primo

11 1403 183 1482 significatione
216 1407 374 1464 centuriae
396 1415 578 1464 —secutos
605 1424 673 1464 esse
707 1407 807 1464 decem
834 1407 914 1484 pilos
941 1407 1141 1466 centuriarum
1164 1407 1309 1484 posterio-

13 1526 57 1564 rm.
75 1516 135 1581 post
156 1508 236 1582 pilos
259 1527 366 1566 omnes
382 1509 481 1567 venire
503 1509 632 1584 primum
655 1509 819 1586 principem
842 1510 1034 1586 reliquosque
1056 1511 1216 1587 principes,
1238 1510 1310 1567 item

12 1619 52 1682 put
68 1609 114 1666 hos
135 1613 270 1686 primum
295 1612 445 1669 hastatum
469 1621 499 1669 et
521 1612 656 1669 hastatos
680 1611 813 1685 reliquos
836 1630 931 1687 usque
953 1613 992 1670 ad
1014 1611 1159 1670 decimum
1175 1613 1309 1670 ordinem

11 1709 118 1768 leuatum
139 1713 323 1789 posterioris
339 1714 489 1772 centuriae
505 1713 635 1770 omnium
658 1713 801 1772 infimum.
842 1712 1022 1787 Quodnam
1044 1730 1122 1772 recte
1145 1727 1259 1792 ponant
1269 1713 1308 1790 ¹),

11 1831 46 1870 nnn
65 1814 200 1889 disquiro:
237 1836 338 1892 neque
366 1817 443 1874 enim
474 1823 650 1892 argumenta
671 1817 702 1874 in
729 1817 851 1875 alteram
880 1825 977 1874 utram
1004 1827 1118 1893 partem
1147 1824 1310 1894 suppetunt

11 1929 61 1970 una
77 1925 100 1972 et
119 1919 285 1994 explorata
307 1938 403 1995 neque
425 1921 491 1994 ipsa
513 1919 650 1994 quaestio
674 1919 743 1978 huic
765 1919 831 1977 loco
847 1919 920 1978 satis
937 1927 1008 1995 apta
1023 1930 1078 1978 est.
1117 1917 1177 1978 Sed
1194 1929 1225 1976 ut
1240 1939 1311 1978 vera

16 2016 58 2084 sint.
72 2019 233 2079 cohortibus
254 2022 402 2080 institutis
424 2031 456 2080 ut
471 2021 617 2079 vocabula
632 2023 839 2080 centurionum
857 2031 972 2080 mutata
992 2031 1070 2095 sunt,
1090 2023 1133 2080 ita
1152 2041 1171 2078 a
1186 2022 1309 2080 cohorte

17 2120 153 2190 purissimum
177 2123 360 2200 dignitatem
389 2143 489 2182 eorum
518 2124 746 2182 determinatam
773 2143 839 2182 esse
869 2126 1033 2183 ostendam.
1078 2125 1119 2182 Et
1151 2125 1188 2183 ad
1222 2143 1307 2183 voca·

13 2219 55 2276 uu
72 2226 139 2298 quod
166 2228 289 2297 attinet,
315 2229 424 2284 mansit
446 2227 585 2302 antiquus
608 2244 680 2284 usus
708 2227 738 2284 in
761 2228 828 2284 solo
851 2229 1023 2286 centurione
1045 2227 1178 2285 omnium
1200 2227 1307 2302 primo,

11 2323 82 2400 quippe
104 2328 149 2401 qui
177 2339 243 2385 tam
279 2329 337 2386 hac
370 2337 466 2387 aetate
499 2349 588 2405 quam
621 2329 817 2405 praecedente
850 2330 1052 2406 appellaretur
1075 2333 1190 2406 primus
1216 2330 1306 2404 pilus.

12 2423 122 2486 iurandus
147 2429 259 2488 deinde
289 2441 320 2488 et
349 2433 465 2503 tertius,
494 2431 564 2489 olim
594 2430 664 2489 dicti
699 2433 812 2508 primus
845 2437 983 2508 princeps
1015 2433 1126 2509 prioris
1156 2431 1306 2490 centuriae

11 2538 27 2582 tt
49 2531 138 2602 primus
169 2533 317 2592 hastatus
350 2535 459 2608 prioris
492 2535 653 2605 centuriae,
691 2535 747 2592 hec
779 2543 875 2592 aetate
908 2535 1084 2612 plerumque
1117 2534 1306 2612 appellantur

11 2627 40 2683 th
56 2637 170 2710 princeps
200 2639 350 2712 praetorii
382 2637 429 2693 vel
451 2641 590 2713 princeps
620 2637 707 2708 uude,
736 2637 783 2694 hic
811 2639 939 2695 hastatus
961 2641 1073 2712 primus
1100 2637 1148 2694 vel
1175 2638 1304 2694 hastatus

11 2731 66 2802 nude,
83 2734 150 2794 sicut
171 2739 256 2796 infra
281 2738 420 2815 exempla
442 2738 598 2797 docebunt.
637 2737 753 2798 Cohors
776 2741 805 2797 in
829 2740 876 2798 his
899 2740 1070 2797 enuntiatur
1092 2738 1173 2814 apud
1195 2736 1306 2798 Caesa-

13 2851 47 2888 rea
64 2837 116 2894 he.
132 2839 159 2906 3,
177 2839 227 2910 64,
253 2841 308 2898 ubi
324 2840 472 2898 secundus
494 2841 628 2898 centurio
651 2841 778 2917 legionis
798 2845 910 2916 primae
925 2842 1047 2900 cohortis
1066 2845 1202 2916 princeps
1220 2844 1305 2917 prior

14 2938 143 3010 apulum,
170 2941 201 2999 in
225 2942 326 2999 titulis
350 2949 448 2999 autem
472 2943 523 3000 vix
548 2963 688 3019 umquam
713 2941 898 3020 reperient)
921 2953 951 3002 et
973 2944 1093 3002 omnino
1116 2945 1147 3001 in
1169 2943 1216 3000 his
1238 2962 1306 3002 cen·

11 3039 129 3099 tutionihus
152 3045 353 3118 imperatoria
375 3055 471 3103 aetate
487 3046 595 3103 cohors
615 3065 674 3103 uon
697 3047 813 3104 solebat
835 3047 993 3104 enuntiari.
1034 3045 1069 3104 In
1091 3046 1214 3122 reliquis
1237 3065 1305 3104 een-

11 3143 128 3201 ttuinnibus
147 3147 219 3203 inde
242 3165 264 3203 a
284 3155 390 3222 quarto
411 3149 535 3222 antiqua
557 3148 704 3205 vocabula
724 3149 812 3206 etiam
833 3158 902 3225 post
921 3149 1061 3207 cohortes
1082 3149 1235 3208 institutas
1250 3148 1304 3206 ali-

14 3245 105 3310 quandiu
119 3250 274 3307 mansisse
293 3249 454 3308 ostendunt
473 3250 551 3307 tituli
572 3251 642 3321 duo,
664 3251 742 3308 infru
762 3271 789 3308 n.
803 3252 841 3309 49
866 3251 997 3326 scriptus
1020 3260 1071 3309 aut
1091 3252 1186 3310 libera
1201 3251 1302 3310 etiam-

15 3349 51 3400 tuu
66 3367 87 3406 re
105 3351 222 3426 publica
247 3359 301 3408 aut
323 3353 378 3410 sub
401 3351 487 3410 initia
510 3353 648 3429 Augusti,
670 3354 701 3410 in
725 3372 785 3429 quo
809 3363 855 3410 est
874 3357 1008 3428 princeps
1033 3358 1141 3426 tertius,
1164 3363 1193 3411 et
1215 3374 1244 3412 n.
1263 3354 1302 3411 56

11 3446 99 3520 scriptus
118 3472 174 3510 non
198 3463 273 3512 ante
296 3453 490 3526 Hadrianum,
515 3455 552 3512 ab
569 3455 712 3514 Henzeno
739 3455 821 3532 (ann.
844 3456 913 3513 inst.
940 3457 1018 3515 1858
1041 3475 1069 3532 p.
1087 3456 1140 3532 34)
1163 3457 1303 3534 probabi·

11 3543 52 3604 liter
74 3555 197 3629 expletus
231 3557 266 3613 in
301 3557 378 3614 hunc
414 3557 548 3616 modum:
583 3561 707 3616 centurio
742 3557 886 3633 [lepijonia
916 3559 1037 3616 etusdnn
1070 3559 1191 3635 [oct]auc
1219 3560 1300 3636 pilus

11 3687 167 3708 ¹55—-

59 3753 75 3815 ¹)
92 3758 286 3814 Ordinationem
311 3779 387 3828 quam
413 3780 490 3828 supra
515 3766 656 3829 significavi
683 3765 846 3814 commendat
869 3765 913 3830 qui
937 3767 1083 3830 nuperrime
1107 3782 1161 3816 rem
1183 3775 1300 3817 accurate

11 3853 129 3902 pertractavit
148 3857 181 3904 Α.
201 3857 317 3905 Mueller
336 3857 352 3904 l.
373 3873 394 3905 c.
416 3855 449 3917 (r.
470 3874 495 3922 p.
511 3859 563 3907 226
584 3867 636 3906 not.
654 3857 693 3920 1),
718 3873 774 3906 cum
795 3858 988 3922 Marquardtius
1009 3856 1263 3926 (Staatsuertcultunq
1284 3863 1299 3910 2

11 3939 76 3998 liful
93 3945 178 4010 aliique
203 3948 274 4012 pilos
294 3949 422 4014 principes
443 3949 557 3999 hastatos
582 3952 697 4014 priorum
722 3951 893 3999 centuriarum
914 3966 1003 4000 omnes
1027 3961 1188 4016 praeponant
1212 3959 1299 4002 centu-

11 4025 85 4082 n'enihns
106 4041 275 4090 centuriarum
301 4043 479 4104 posteriorum.
523 4044 559 4091 At
584 4044 693 4092 tortasse
718 4050 809 4092 neutra
834 4043 923 4107 opinio
948 4059 1007 4093 vera
1032 4051 1078 4094 est.
1127 4045 1299 4110 Reperiuntur

11 4119 71 4171 silit-et
91 4132 152 4192 apud
173 4141 294 4182 auctores
314 4134 357 4197 qui
376 4135 452 4184 huius
472 4135 563 4184 aetatis
589 4151 629 4184 res
648 4143 732 4199 gestas
753 4143 905 4184 enarrarunt
923 4144 1025 4200 praeter
1044 4139 1140 4202 primos
1160 4139 1227 4202 pilos
1240 4140 1298 4205 pri-

11 4221 42 4258 nu
56 4220 155 4288 prinecps
176 4225 278 4292 prioris
301 4229 427 4276 centuriae
452 4227 517 4288 (Liv.
533 4229 576 4286 42,
592 4228 637 4288 at)
657 4253 690 4261 -
704 4228 800 4293 printua
814 4229 936 4294 princepe
956 4228 1021 4288 (Lis.
1038 4231 1081 4291 25,
1100 4232 1140 4279 14.
1161 4232 1205 4292 26,
1222 4232 1248 4294 6)
1263 4261 1296 4270 -·

11 4307 71 4362 Μ
86 4310 191 4366 luatutus
216 4318 284 4379 (Lis.
300 4320 342 4380 27,
359 4321 407 4380 14;
433 4319 508 4370 Oros.
523 4322 547 4380 4,
566 4323 578 4368 l
599 4321 742 4370 accuratius
767 4336 843 4384 quam
857 4320 950 4370 Florus
968 4323 991 4382 l,
1008 4322 1082 4382 13,9
1103 4323 1146 4387 qui
1169 4325 1299 4374 substituit

11 4405 30 4440 tt
43 4414 84 4450 nae
100 4409 186 4459 aetatis
200 4411 387 4460 consuetudine
400 4409 525 4461 hastatum
544 4411 622 4472 nude)
637 4440 669 4448 —
685 4411 808 4461 sectandus
820 4409 935 4461 laetatus
955 4412 1020 4474 (Liv.
1032 4414 1075 4475 26,
1092 4414 1118 4475 5)
1134 4440 1166 4450 —
1182 4415 1296 4468 decumus

11 4485 48 4532 >clv
62 4491 159 4550 hastatus
183 4502 249 4564 (Liv.
265 4504 309 4562 42,
325 4503 379 4565 34).
413 4505 482 4556 Sane
502 4506 595 4554 mirum
615 4512 653 4553 est
671 4511 773 4569 praeter
792 4506 903 4570 primum
922 4505 1003 4569 pilum
1023 4506 1092 4556 solos
1110 4506 1165 4556 fere
1185 4524 1296 4557 comme-

11 4587 71 4633 nean
91 4593 192 4652 primum
217 4596 361 4660 principem
387 4603 412 4646 et
435 4599 546 4662 primum
571 4597 708 4658 hastatum,
733 4598 860 4662 siquidem
889 4599 987 4662 primus
1011 4599 1130 4663 princeps
1155 4601 1294 4650 secundum

11 4667 120 4731 lucilerum
149 4687 282 4737 vicesimus
310 4689 419 4752 primus,
451 4691 591 4739 secundum
620 4690 826 4753 Marquardtium
855 4691 1005 4740 undecimus
1034 4693 1211 4741 centurionum
1235 4692 1292 4754 tuit,

11 4763 72 4818 illuns
99 4773 205 4828 tractatus
231 4781 372 4830 secundum
401 4781 474 4830 illum
503 4781 713 4846 quadragesimus
738 4783 848 4846 primus,
882 4784 1022 4834 secundum
1056 4784 1124 4833 hunc
1156 4785 1293 4834 vicesimus

11 4855 80 4912 prinus,
112 4868 231 4933 Equidem
256 4875 337 4937 magis
363 4875 515 4924 crediderim
540 4875 716 4924 centurionum
736 4875 912 4939 dignationem
940 4877 1144 4940 omnitempore
1165 4878 1293 4926 derectam

11 4957 42 4994 Ἠ
61 4955 202 5022 aliquatenus
224 4973 292 5016 certe
318 4968 351 5016 ad
375 4967 565 5017 ordinationem
590 4967 757 5028 cohortalem,
787 4984 862 5032 quam
888 4974 988 5017 constat
1010 4969 1097 5032 aliquo
1129 4971 1207 5018 modo
1238 4977 1290 5018 tum

11 5051 78 5105 quque
92 5051 169 5117 luisse,
194 5075 249 5108 cum
269 5075 285 5108 a
305 5061 386 5109 tribus
410 5061 521 5110 militum
544 5060 682 5124 generibus
701 5061 830 5109 ordinatio
852 5061 960 5124 legionis
979 5062 1116 5125 pendebat,
1137 5071 1162 5110 et
1180 5061 1291 5126 primum

11 5131 111 5201 trinutpem
131 5162 158 5198 eo
178 5167 276 5216 quoque
300 5161 414 5218 tempore
440 5153 580 5203 secundum
600 5155 626 5203 in
646 5154 747 5217 legione
767 5153 939 5203 centurionem
959 5153 1047 5216 fuisse,
1075 5156 1185 5218 primum
1206 5154 1290 5203 hasta·

11 5223 44 5272 ltu
59 5236 149 5288 tertium.

61 5319 80 5382 ²)
95 5328 267 5398 Exceptionem
288 5337 350 5387 lacit
369 5355 434 5388 unus
454 5339 541 5389 titulus
560 5356 585 5404 p.
600 5341 652 5390 232
668 5355 692 5389 n.
709 5341 743 5389 24
763 5354 809 5390 nec
829 5339 947 5389 lectionis
966 5339 1028 5388 satis
1048 5345 1131 5389 certae
1151 5353 1233 5404 neque
1252 5339 1291 5389 iu·

11 5409 163 5474 turstanus.
