3532 5964
331 475 379 544 14
855 494 1130 547 snmusnnnus
1577 501 1667 550 is-io

330 665 369 726 18
396 667 468 742 (ins.
491 677 562 744 post
582 687 611 726 n.
628 665 712 742 634).
756 665 908 743 Turgalii,
930 673 961 726 in
982 688 1042 728 ono
1059 673 1156 744 pietro
1174 670 1226 745 pid
1249 679 1362 728 occulo
1382 672 1430 730 nel
1450 689 1552 748 compo
1572 687 1671 730 mezzo

372 769 435 846 lopo
458 779 529 828 sollo
552 769 582 826 la
596 771 736 843 sortezza.

892 1039 945 1094 Q·
969 1037 1102 1082 onslvs

891 1139 1103 1184 nsixnxcvs

892 1243 958 1285 nnn
976 1243 1104 1284 ·v1·ss

969 1345 1032 1387 xxx

836 1451 847 1490 s
891 1447 911 1488 s
933 1461 941 1474 ·
964 1447 979 1490 s
1000 1449 1048 1489 ·s

893 1547 908 1590 s
929 1562 935 1577 ·
956 1551 975 1590 τ
995 1563 1002 1578 ·
1020 1550 1038 1590 τ
1058 1563 1066 1578 ·
1087 1551 1102 1592 ι

330 1827 548 1888 Venturinus
567 1827 589 1886 i.
603 1827 661 1886 165
677 1807 724 1886 nv.
741 1846 801 1887 nou
815 1827 931 1886 divisis.
969 1827 1004 1886 V.
1024 1830 1038 1886 l
1060 1844 1210 1900 oylnxvs,
1236 1830 1253 1888 3
1273 1847 1315 1889 nn
1329 1859 1336 1874 ·
1349 1845 1492 1902 svesa,
1516 1831 1544 1890 5.
1562 1831 1580 1889 6
1602 1845 1672 1889 soc

330 1946 383 1989 sllll
407 1944 588 1988 suavscxvn
610 1944 728 1988 cosvlu.
774 1927 877 1988 Orfius
904 1948 1012 1989 nomeu
1035 1938 1185 1990 vetustum
1212 1939 1259 1991 cst
1288 1952 1327 1990 cx
1349 1929 1504 1992 Ciceronis
1526 1933 1673 2010 epistulis

330 2040 419 2090 etex
442 2032 537 2091 titulis
560 2031 675 2108 aliquot
695 2031 801 2090 Italiae
821 2031 971 2092 inferioris
994 2041 1106 2092 notum.

331 2339 372 2399 lo
397 2340 468 2415 (ins.
492 2351 562 2417 post
582 2359 611 2398 u.
628 2340 712 2416 638).
755 2337 904 2416 Turgalii,
927 2340 1025 2399 doncro
1048 2341 1125 2400 dello
1139 2342 1270 2416 sortem
1291 2344 1323 2398 io
1343 2360 1402 2400 ono
1417 2345 1512 2417 pietro
1525 2342 1574 2400 nel
1588 2360 1672 2401 muro

371 2461 391 2500 o
409 2447 507 2518 primo
529 2451 641 2500 entrolo
663 2445 690 2500 si
712 2441 865 2518 leqpeoono
887 2443 1186 2518 quassconicum,
1209 2445 1326 2502 escendo
1349 2443 1375 2502 le
1396 2443 1470 2502 ultre
1492 2461 1607 2503 corroso
1622 2445 1674 2501 del

373 2555 477 2621 tempo:

890 2783 938 2825 Μ·
955 2781 993 2824 1.·
1009 2782 1111 2826 cmvi

329 3069 552 3130 Venturiuus
574 3071 594 3130 l.
613 3071 672 3130 164
685 3089 712 3128 v.
734 3079 915 3148 postquem
937 3069 1015 3130 alius
1038 3089 1124 3130 nemo
1146 3071 1266 3130 videtur
1288 3071 1507 3131 observavisse.

328 3379 380 3438 Ad
401 3397 430 3436 n.
450 3377 537 3438 1169.
581 3375 703 3455 Hispali
730 3378 761 3435 in
788 3377 892 3437 cubula
917 3395 1083 3436 marmorea
1109 3379 1140 3436 in
1163 3379 1291 3438 ecclesis
1312 3378 1432 3450 maiori,
1461 3395 1554 3455 supra
1576 3395 1672 3454 quam

372 3487 458 3538 erant
482 3479 558 3539 dues
585 3480 742 3539 naviculae
768 3498 821 3539 seu
844 3479 974 3555 scaphae
997 3478 1131 3556 depictae
1154 3489 1184 3538 et
1205 3497 1297 3556 supra
1318 3498 1370 3539 eos
1394 3480 1544 3539 collocata
1566 3487 1673 3538 sistus

372 3582 467 3660 ipsius
489 3581 677 3659 imperatoris
699 3581 829 3640 hominis
851 3581 971 3658 inquam
995 3581 1119 3657 proceri.

329 3770 550 3832 Venturiuus
572 3773 591 3831 l.
610 3771 666 3831 241
682 3792 710 3831 v.
735 3792 772 3832 ex
794 3772 872 3832 libro
895 3771 978 3831 ducis
1001 3771 1176 3832 Theodosii.

372 3873 624 3950 Antiquissimum
651 3874 688 3932 de
713 3873 801 3933 tilulo
828 3875 885 3933 hoo
911 3873 1128 3945 testimonium,
1157 3874 1188 3933 in
1214 3891 1272 3950 quo
1297 3871 1372 3933 illud
1399 3875 1489 3934 elium
1517 3873 1671 3933 curiosum

330 3985 386 4049 est,
407 3975 521 4035 vidisse
542 3975 627 4035 ducis
650 3984 801 4034 auctorem
825 3983 954 4034 statuum
976 3975 1073 4050 ipsam
1096 3975 1163 4034 husi
1184 3973 1366 4052 impositum,
1389 3993 1468 4051 quae
1487 3983 1594 4053 postea
1614 3987 1673 4035 aut

330 4077 420 4154 periit
446 4084 498 4136 eut
524 4095 543 4135 a
567 4077 633 4136 basi
659 4084 774 4135 romots
798 4077 912 4136 latebat
936 4076 1051 4152 (potest
1079 4094 1147 4135 essu
1174 4085 1273 4135 status
1298 4079 1330 4135 in
1356 4075 1471 4152 puletio
1496 4076 1604 4135 ducum
1633 4079 1672 4137 de

330 4179 508 4238 Medinooeli
527 4199 556 4238 n.
574 4178 632 4238 857
657 4177 865 4256 descriptionis
888 4195 971 4236 meae
991 4177 1088 4237 oolike
1109 4177 1275 4237 Bilclwerlce
1296 4197 1325 4254 p.
1342 4176 1427 4254 322).

331 4485 381 4544 Ad
402 4505 431 4544 u.
451 4485 540 4546 1185.
584 4485 716 4563 Hispali.

333 4675 551 4737 Venturinus
573 4675 593 4735 f.
610 4674 706 4735 lllv.
729 4695 768 4734 ex
789 4675 867 4737 libro
889 4675 974 4736 ducis
997 4675 1173 4734 Theodosii.

331 4983 380 5042 Ad
402 5004 431 5042 n.
448 4981 539 5042 2062.
583 4983 617 5040 In
640 4981 751 5059 oppido
772 4981 860 5041 Pinus
882 5001 901 5040 a
923 4979 1063 5042 Granota
1085 4983 1157 5040 urhe
1180 4981 1286 5040 duobis
1308 4979 1403 5042 leucis
1425 4981 1564 5040 dislsnte.

332 5171 552 5232 Venturiuus
574 5169 593 5230 f.
611 5171 668 5231 241
694 5190 733 5232 cx
754 5171 830 5231 libro
852 5171 936 5233 ducis
959 5171 1133 5232 Theodosii.
