3448 5970
793 1829 1252 1942 inattenuata

733 2030 801 2106 au
828 2031 1072 2108 coaronrs
1099 2031 1211 2107 vot.
1232 2031 1312 2106 vn.

354 2347 439 2486 Bet
461 2423 664 2483 additamenta
686 2422 846 2480 voluminis
861 2421 921 2480 Vll
942 2423 1180 2481 Britannicarum
1203 2443 1222 2480 a
1243 2442 1289 2480 me
1311 2423 1391 2480 edita
1413 2423 1472 2482 duo
1495 2423 1625 2499 (ephem.
1641 2423 1678 2479 lll

353 2549 382 2606 p.
402 2525 573 2586 113—155
596 2535 626 2584 et
647 2543 676 2600 p.
694 2523 880 2598 311-318)
904 2523 1073 2584 Guilelmus
1090 2524 1267 2602 Thompson
1284 2526 1430 2584 Watlxin
1453 2526 1608 2602 diligentia
1628 2527 1678 2581 lan·

352 2630 446 2689 dabili
469 2628 596 2688 schedas
618 2637 647 2685 et
669 2627 763 2685 libros
787 2646 805 2684 a
827 2646 874 2684 me
896 2628 963 2702 ipso
986 2627 1093 2704 partim
1117 2627 1263 2686 indicatos
1287 2628 1339 2686 sed
1362 2629 1493 2686 nondum
1515 2629 1678 2703 exploratus

352 2732 520 2808 indagavit,
549 2731 632 2788 locos
660 2729 709 2788 ubi
737 2729 894 2788 tituli-aut
921 2740 1025 2787 extare
1052 2730 1226 2788 dicebantur
1254 2741 1306 2788 aut
1334 2731 1406 2788 olim
1434 2732 1579 2789 extabant
1606 2731 1676 2786 adiit.

352 2835 456 2892 titulos
484 2834 582 2892 denuo
608 2831 768 2908 descripsit
794 2833 854 2890 iarn
880 2843 978 2904 notos,
1007 2851 1102 2890 novos
1130 2833 1245 2907 aliquot
1271 2833 1395 2902 addidit,
1428 2833 1569 2907 exempla
1598 2852 1615 2888 a
1640 2851 1676 2886 me
1715 2893 1716 2920 ἦ

352 2937 511 3014 proposita
537 2937 568 2994 in
591 2935 724 2993 minutiis
746 2933 926 3011 quibusdam
950 2935 1091 3004 correxit,
1119 2935 1274 2994 titulorum
1298 2935 1425 2993 duorum
1447 2936 1576 2994 triumve
1600 2953 1674 3010 prap-

351 3049 397 3097 ter
419 3039 551 3114 pessima
576 3037 715 3114 exempla
742 3037 854 3096 aliasve
877 3038 915 3094 ob
937 3055 1046 3096 causas
1069 3057 1087 3096 a
1108 3057 1155 3095 me
1185 3039 1249 3095 iure
1272 3039 1480 3096 damnatorum
1501 3038 1617 3095 vindex
1634 3055 1668 3092 er·

351 3142 420 3210 citit,
447 3159 524 3216 quae
546 3141 659 3198 invenit
681 3147 732 3197 aut
753 3139 906 3197 invenisse
928 3149 1006 3197 certe
1030 3141 1086 3198 sibi
1110 3140 1193 3199 visus
1215 3147 1262 3198 est
1284 3141 1427 3216 exposuit
1447 3141 1576 3198 verbose
1599 3151 1669 3215 atque

351 3243 399 3300 hic
424 3243 486 3300 illic
513 3242 603 3299 etiem
630 3241 761 3316 gloriose
788 3241 818 3299 in
846 3242 1108 3300 dissertationibus
1138 3243 1263 3316 aliquot,
1293 3260 1369 3316 quas
1392 3242 1484 3299 variis
1513 3242 1672 3299 societatum

350 3344 653 3420 archaeologicarum‚
688 3363 765 3420 quae
791 3345 823 3401 in
846 3343 1004 3401 Britannia
1031 3353 1110 3414 sunt,
1142 3345 1444 3403 commentationibus
1471 3344 1598 3402 inseruit
1625 3363 1673 3400 me·
1714 3407 1715 3412 ἵ

350 3465 476 3522 cumque
503 3446 639 3504 officiose
667 3446 908 3504 communicavit.
961 3444 1049 3518 Quod
1076 3447 1160 3518 feeit,
1188 3454 1220 3504 ut
1246 3447 1325 3518 dixi,
1360 3446 1460 3505 studio
1490 3455 1520 3504 et
1552 3445 1675 3504 sollertia

351 3550 431 3621 utili3
454 3549 543 3606 modo
565 3568 603 3608 ne
625 3567 701 3624 quae
722 3548 822 3606 minus
845 3557 924 3606 recte
947 3567 965 3605 a
987 3567 1034 3606 me
1056 3550 1136 3606 edita
1159 3556 1228 3607 sunt
1251 3559 1373 3626 propter
1395 3555 1549 3606 auctorum
1572 3567 1675 3616 eorum,

350 3671 426 3729 quos
449 3653 532 3710 solos
559 3653 644 3728 sequi
667 3651 761 3727 potui,
787 3651 1006 3728 neglegentiam
1034 3661 1085 3708 aut
1111 3651 1270 3723 inscitiam,
1300 3670 1371 3728 mea¹
1392 3651 1441 3708 vel
1462 3651 1552 3726 culpa
1573 3651 1618 3708 vel
1639 3651 1676 3706 in-

349 3757 433 3814 curia
454 3765 554 3813 errata
576 3772 643 3814 esse
665 3754 933 3832 pronuntiavisset,
956 3754 1009 3811 sed
1027 3773 1073 3811 me
1096 3753 1182 3811 aliter
1204 3755 1325 3812 omnino
1347 3754 1444 3812 facere
1467 3772 1527 3812 non
1548 3754 1675 3830 potuisse
1713 3767 1714 3820 3

348 3859 474 3916 candide
507 3857 709 3934 exposuisset.
759 3854 844 3930 Quae
877 3857 942 3932 ipse
975 3855 1054 3914 falso
1088 3875 1148 3914 non
1173 3874 1242 3914 raro
1271 3867 1455 3917 commentus
1483 3867 1539 3928 est,
1568 3875 1604 3914 ea
1628 3871 1674 3930 ego

349 3961 525 4036 singillatim
559 3959 711 4035 exagitare
744 3967 774 4016 et
805 3957 982 4034 redarguere
1017 3958 1188 4034 supersedi3
1224 3979 1262 4017 ne
1294 3979 1365 4018 vero
1399 3961 1551 4035 sprevisse
1583 3959 1675 4016 ridear

347 4081 540 4138 quaecunque
562 4061 600 4119 ad
622 4060 757 4137 syllogen
779 4080 873 4118 meam
896 4061 1063 4136 aagendam
1081 4061 1336 4120 emendendamve
1357 4063 1456 4121 facere
1479 4069 1610 4139 possent,
1633 4057 1673 4115 rel

348 4167 471 4223 minima
497 4165 535 4222 ab
562 4183 598 4222 eo
625 4163 732 4221 aliisve
755 4171 878 4221 enotata
900 4165 936 4222 ab
965 4163 1021 4222 bae
1049 4164 1149 4241 opella
1175 4185 1242 4222 mea
1270 4163 1378 4223 abesse
1399 4163 1490 4223 nolui.
1536 4161 1673 4221 Irritabtn

347 4271 426 4324 enim
454 4283 520 4324 esse
547 4267 636 4324 etiam
664 4266 901 4340 antiquariorum
929 4283 1024 4342 genus
1053 4267 1170 4344 experti
1198 4285 1302 4326 sumus
1323 4285 1442 4338 omnes3
1473 4277 1563 4343 atque
1585 4285 1617 4322 ne
1639 4264 1673 4318 si-

346 4369 440 4427 lentio
461 4369 590 4443 superbo
612 4367 686 4425 illud
714 4367 868 4438 efficiatur,
896 4377 930 4424 ut
955 4387 1029 4426 cura
1050 4369 1205 4428 titulorum
1228 4370 1499 4445 antiquitatumque
1521 4367 1672 4444 patriarum

347 4472 621 4528 conservandarum
643 4471 926 4548 explicandarumve
948 4472 1068 4529 tandem
1090 4471 1252 4547 aliquando
1280 4472 1390 4547 ubique
1416 4473 1479 4530 fere
1502 4470 1671 4530 reviviscens

348 4573 550 4632 absterreatnr
571 4573 610 4630 ab
632 4573 759 4649 inceptis
781 4573 994 4645 laudabilibus,
1018 4575 1123 4632 sedulo
1147 4575 1248 4650 putavi
1270 4575 1434 4632 cavendum
1457 4591 1535 4634 esse.
1576 4573 1671 4646 ltaque

347 4675 377 4732 in
400 4676 506 4748 titulis,
535 4693 612 4750 quos
639 4675 688 4733 bie
714 4693 870 4752 compono,
900 4695 960 4734 non
988 4675 1098 4735 multos
1121 4677 1230 4748 inesse,
1257 4678 1367 4753 quibus
1395 4695 1475 4735 nora
1497 4677 1669 4740 edoceamur,
1711 4737 1712 4740 Ἴ

347 4778 453 4854 nequis
475 4777 607 4835 miretur.
652 4777 752 4836 Unum
775 4797 890 4836 mecum
913 4779 1020 4836 barum
1048 4799 1146 4838 rernm
1178 4779 1306 4838 studiosi
1329 4779 1502 4858 gaudebunt
1523 4777 1668 4838 frustulum

346 4888 552 4955 recuperatum
575 4898 641 4938 esse
662 4879 835 4956 diplomatis
852 4881 991 4938 militaris
1014 4901 1042 4938 n.
1062 4883 1150 4954 1195,
1173 4901 1342 4958 quanquam
1358 4893 1388 4940 et
1409 4882 1508 4959 ipsum
1525 4879 1668 4940 admodum

347 4982 500 5058 exiguum,
522 4983 603 5057 quod
625 4982 676 5040 diu
698 4983 866 5058 quaesitum
889 4991 943 5041 est.
981 4985 1079 5060 Atque
1095 4985 1289 5044 Watkinus
1311 4985 1343 5042 id
1364 5003 1483 5061 quoque
1507 5002 1589 5044 suum
1609 4997 1667 5038 esse

346 5087 471 5160 putavit,
495 5093 528 5142 ut
542 5095 730 5144 enumeraret
750 5085 865 5162 lapides
887 5086 1048 5162 inscriptos
1071 5087 1142 5146 olim
1157 5088 1279 5163 quidem
1294 5087 1436 5158 detectos,
1459 5088 1513 5146 sed
1528 5101 1664 5159 nunquam

346 5185 513 5262 descriptos
535 5195 566 5244 et
580 5187 687 5246 deinde
709 5195 761 5246 aut
775 5206 898 5264 pessum
914 5187 1000 5246 datos
1023 5199 1075 5247 aut
1096 5189 1223 5250 latentes
1240 5187 1608 5266 (arebaeoloptcaljoaraul
1619 5181 1662 5245 39.

351 5287 430 5346 1875
457 5309 486 5366 p.
504 5289 579 5347 ils.
605 5291 653 5360 34,
681 5289 759 5348 1877
787 5309 815 5366 p.
835 5291 893 5350 146
907 5309 930 5350 s.
955 5291 1005 5364 35,
1031 5291 1109 5352 1878
1136 5313 1166 5370 p.
1183 5292 1221 5352 77
1235 5291 1289 5369 s.);
1319 5293 1472 5352 elenchum
1500 5311 1567 5352 vero
1591 5287 1663 5347 illunt
