3390 5970
446 544 989 598 onuvusnrsvsurunsnrsvs
1303 529 1373 600 371

56 721 254 794 inveniuntur,
280 720 350 780 inde
377 721 520 797 originem
543 719 673 792 trahunt,
699 719 777 796 qnod
805 720 913 780 milites
936 722 974 780 ob
996 720 1126 796 aliquam
1149 739 1271 781 oausam
1292 731 1379 783 extra

57 831 153 882 casua
178 824 331 882 constituti
358 824 485 896 tamdiu,
512 823 652 898 quamdin
675 842 693 880 a
713 823 821 882 castris
844 823 961 894 absunt,
988 830 1017 882 et
1044 823 1110 882 duci
1135 833 1241 899 parent
1262 825 1299 883 ad
1321 825 1378 886 hoc

58 927 131 984 facto
159 937 191 984 et
216 927 271 984 sub
299 925 386 1002 signo
412 935 480 984 sunt
508 925 545 984 ad
571 935 685 1001 ternpus
706 925 744 982 iis
767 925 845 996 dato,
873 924 903 982 id
929 934 974 983 est
995 925 1050 984 snb
1073 925 1193 984 vexillo.
1237 924 1325 1001 Quod
1346 927 1377 986 in

57 1027 226 1086 cohortibus
253 1029 413 1104 praetoriis
439 1028 621 1102 urbanisque
646 1027 789 1085 eiusmodi
816 1027 964 1086 vexillarii
996 1045 1055 1085 nou
1080 1027 1280 1100 inveniuntur,
1308 1029 1377 1088 inde

56 1129 232 1206 explicatur,
255 1129 334 1206 quod
350 1129 423 1188 haec
443 1147 552 1205 genera
571 1129 696 1188 militum
717 1148 786 1188 raro
808 1139 896 1188 extra
917 1137 1014 1188 castra
1035 1147 1091 1188 sna
1111 1137 1237 1201 merent;
1260 1141 1375 1190 contra·

56 1232 126 1289 rium
149 1250 204 1290 cur
226 1231 342 1290 eveniat
364 1233 393 1290 iu
416 1232 564 1308 equitibus
587 1231 786 1307 singularibus
808 1233 863 1290 etsi
885 1239 967 1290 certa
987 1230 1065 1290 ratio
1083 1231 1168 1292 reddi
1186 1251 1246 1290 non
1265 1241 1375 1310 potest,

55 1333 123 1390 nihil
145 1334 257 1404 obstat,
280 1334 438 1408 quominus
461 1335 499 1391 ob
521 1333 670 1408 idipsum
693 1333 822 1391 instituti
844 1333 905 1392 sint
926 1340 1038 1392 uttam
1057 1333 1171 1392 Romae
1186 1352 1275 1410 quam
1291 1345 1377 1396 extra

57 1437 152 1494 urbem
168 1453 225 1511 pro
240 1454 273 1494 re
287 1436 428 1494 mandata
449 1444 632 1512 peragerent.
669 1434 921 1512 Frequentissime
940 1445 1038 1494 autem
1057 1436 1206 1496 vexillarii
1221 1437 1374 1498 inveniun-

56 1538 148 1595 turin
171 1537 343 1616 legionibus
365 1547 395 1596 et
416 1539 512 1616 magis
534 1539 622 1597 etiam
646 1539 675 1596 in
698 1537 827 1610 auxiliis,
850 1555 927 1614 qnae
948 1538 1021 1597 satis
1041 1546 1158 1598 constat
1173 1539 1265 1599 multo
1280 1541 1375 1618 magis

57 1659 136 1715 quam
158 1640 342 1716 legionarios
364 1641 474 1700 milites
495 1641 526 1698 in
547 1641 727 1699 stationibus
749 1640 895 1699 collocata
916 1657 996 1710 esse;
1019 1641 1072 1699 sed
1094 1641 1205 1716 duplici
1227 1641 1374 1719 significa·

56 1743 128 1800 tione
148 1744 181 1802 in
203 1743 252 1800 his
276 1741 453 1800 vocabulum
475 1750 643 1820 usurpatur.
687 1741 765 1800 Nam
789 1743 963 1802 vexillarius
980 1744 1049 1802 etis
1064 1743 1176 1820 estqui
1192 1745 1247 1804 snb
1262 1745 1374 1804 vexillo

56 1852 141 1903 meret
166 1843 260 1920 (unde
281 1843 428 1901 vexillarii
457 1854 487 1902 et
512 1845 666 1902 vexillatio
688 1845 854 1922 promiscue
876 1845 1040 1923 ponuntur)
1071 1854 1100 1902 et
1124 1845 1281 1904 vexillifer.
1325 1847 1374 1904 Ad

55 1945 129 2004 illam
151 1945 401 2022 significationem
423 1945 445 2004 ii
467 1945 528 2004 fere
549 1947 627 2004 tituli
649 1947 807 2024 pertinent,
830 1947 881 2022 qui
897 1947 1119 2006 vexillariorum
1142 1948 1172 2005 in
1193 1965 1300 2024 genere
1315 1967 1374 2007 me·

57 2047 195 2106 minernnt
217 2056 247 2106 et
267 2047 375 2123 plurali
397 2049 574 2108 vocabulum
595 2049 722 2108 efferunt
743 2048 806 2125 (un.
826 2049 874 2107 68.
892 2047 940 2107 69.
957 2047 1026 2108 224.
1044 2047 1112 2108 228.
1130 2048 1198 2108 231.
1216 2047 1285 2108 235.
1303 2049 1372 2110 237.

58 2147 118 2207 233.
140 2149 231 2226 239),
259 2151 296 2208 ad
324 2151 400 2209 hanc
425 2151 477 2226 qui
502 2169 556 2227 pro
579 2170 699 2210 munere
720 2151 751 2210 id
773 2153 812 2210 ad
834 2169 941 2209 nomen
963 2150 1083 2226 aliquod
1105 2151 1271 2229 adiungunt
1292 2151 1372 2228 (coh.

59 2269 118 2308 aux.
133 2271 181 2308 un.
200 2252 250 2311 70.
268 2253 316 2310 Il.
334 2252 382 2310 72.
401 2253 446 2312 73.
464 2252 513 2325 76,
535 2271 601 2330 eqq.
618 2254 693 2330 sing.
709 2273 758 2312 nn.
775 2251 907 2325 32-95,
930 2253 968 2310 nl.
987 2252 1159 2327 100-102,
1180 2254 1288 2332 legion.
1302 2251 1371 2312 225.

58 2349 118 2408 226.
140 2352 213 2411 230.
235 2353 320 2430 236).
363 2353 503 2414 Notabile
525 2361 572 2414 est
593 2357 643 2414 uni
666 2357 770 2413 horum
794 2354 882 2431 (230)
906 2355 1034 2416 adscribi
1056 2376 1112 2432 pro
1133 2356 1282 2416 ancillaria
1304 2375 1371 2415 eum

58 2453 148 2526 fusse,
178 2456 210 2514 id
240 2463 288 2514 est
313 2457 344 2515 ni
369 2457 458 2514 fallor
483 2474 542 2514 uon
568 2459 654 2516 iussu
680 2458 774 2530 ducis,
807 2459 860 2516 sed
890 2465 1011 2535 propter
1036 2476 1138 2516 casnm
1163 2458 1315 2518 fortuitum
1342 2465 1372 2517 et

58 2556 94 2612 rei
112 2559 260 2634 gerendae
281 2559 488 2618 necessitatem
512 2560 760 2619 commilitonibus
781 2560 955 2638 praefuisse.
999 2560 1056 2618 Th.
1080 2560 1133 2639 Μ.]

687 2979 734 3056 ll.

504 3121 570 3196 DE
597 3118 914 3210 AQVILIFERIS.

129 3330 313 3407 Aquiliferos
335 3330 593 3406 praetorianorum
620 3339 649 3388 et
674 3328 811 3404 vigilum,
840 3347 915 3405 quos
937 3330 1112 3405 Marquardt
1133 3329 1311 3406 (stammam.
1325 3334 1368 3394 ·11,

60 3449 80 3497 p.
91 3433 150 3509 528)
171 3434 317 3505 admittit,
346 3432 444 3492 nullos
469 3433 562 3492 fuisse
588 3432 647 3490 iam
673 3448 766 3508 supra
787 3429 827 3506 (p.
842 3429 908 3506 360)
931 3431 1141 3490 demonstravi.
1184 3432 1221 3490 In
1245 3433 1369 3509 legioni·

61 3532 106 3591 bus
119 3535 241 3614 singulis
260 3535 371 3611 singuli
391 3535 520 3605 fuerunt,
542 3533 592 3610 qui
614 3533 791 3610 plerumque
812 3534 854 3592 ita
875 3541 1152 3605 commemorantur,
1175 3541 1207 3592 ut
1227 3553 1368 3594 numerus

60 3633 178 3710 legionis,
198 3640 306 3713 inqua
324 3636 472 3714 stipendia
492 3638 625 3708 fecerint,
648 3635 782 3694 addatur.
819 3633 951 3694 Nomina
971 3653 1074 3694 eorum
1096 3635 1243 3712 adscripsi
1264 3637 1369 3696 ordine

60 3733 202 3812 legionum.

132 3844 155 3897 l.
188 3841 262 3903 Sex.
286 3840 418 3902 Sammio
437 3841 519 3900 volt.
543 3839 652 3900 Severo
675 3859 691 3898 e
713 3839 859 3916 lag(ione)
881 3840 979 3918 prima
1001 3839 1191 3910 Germanica,
1221 3842 1272 3916 qni
1294 3850 1366 3901 tem·

63 3957 130 4012 pore,
149 3963 206 4019 quo
228 3943 358 4003 militare
379 3944 486 4021 coepit,
515 3943 651 4019 aquilifer
671 3943 768 4002 factus
791 3949 844 4014 est,
872 3963 940 4001 ann.
962 3943 1041 4001 Xlll
1061 3941 1199 4019 aquilifer
1220 3945 1365 4004 militavit.

63 4043 117 4104 pc.
137 4047 176 4098 50.
216 4049 346 4098 Cularone
365 4049 391 4097 iu
411 4047 498 4099 Gallia
516 4047 687 4098 Narbonensi.
707 4074 740 4084 -
761 4047 806 4098 Or.
826 4048 906 4098 3339.

132 4137 156 4194 2.
188 4137 388 4214 [Aur(elius)]
410 4135 566 4213 Cupi(t)ns
588 4157 632 4195 ve.
656 4157 695 4195 ex
715 4137 835 4214 aqufi)l.
858 4137 878 4194 l.
898 4137 922 4194 I.
945 4136 1081 4212 ad(iutr.)
1103 4140 1169 4189 inter
1188 4141 1321 4193 Savariam
1341 4149 1366 4190 et

64 4235 221 4293 Scarbantiam
240 4244 268 4292 iu
287 4243 369 4292 Panu.
389 4257 444 4306 sup.
465 4269 498 4278 -
519 4241 569 4302 111,
589 4243 671 4292 4231.

132 4331 156 4389 3.
187 4335 224 4391 Ρ.
246 4332 404 4392 Ferrarius
431 4329 477 4390 Ol.
505 4331 614 4390 Avitus
642 4330 768 4391 Savaria
793 4331 952 4408 (centurio)
979 4332 1061 4408 [l]eg.
1082 4331 1160 4390 VIII
1186 4333 1264 4410 Aug.
1292 4354 1320 4411 p.
1344 4335 1363 4390 f.

64 4424 254 4512 Cotnmodae)
283 4453 322 4492 ex
348 4433 506 4510 aquilifero
532 4435 588 4510 leg.
612 4433 627 4490 I
654 4433 817 4492 adiutricis.
860 4451 885 4500 p.
910 4436 939 4486 G.
968 4437 1027 4486 191.
1086 4433 1295 4503 Arctoffenbnry.
1330 4464 1362 4473 -

64 4528 246 4590 Bradanus.

131 4627 157 4686 4.
189 4628 314 4687 Flavius
338 4627 377 4686 M.
400 4627 419 4684 f.
443 4625 512 4686 Gal.
537 4625 708 4700 Quadratus
731 4627 869 4705 aquilifer
890 4627 947 4703 leg.
970 4627 1009 4686 11.
1041 4630 1126 4695 Prope
1146 4629 1314 4695 Olisiponem.
1328 4657 1361 4667 -

65 4722 93 4784 ll,
110 4729 163 4781 266.

132 4821 157 4880 5.
186 4823 225 4882 Τ.
242 4820 384 4882 Claudius
406 4821 553 4881 Martinus
575 4822 690 4897 aquiiis.
713 4823 771 4898 leg.
794 4822 826 4880 II
847 4821 983 4899 ad(intr.)
1015 4823 1137 4890 Aquinci.
1157 4851 1190 4860 -
1210 4827 1261 4888 111,
1282 4827 1362 4877 6157.

133 4921 157 4982 6.
186 4925 223 4985 Ρ.
245 4924 331 4984 Elius
349 4924 460 4984 Vitalis
486 4924 626 5001 aquilifer
646 4925 704 5000 leg.
726 4924 776 4982 III
797 4926 875 5004 Aug.
913 4926 1057 4978 Lambaesi.
1083 4953 1115 4962 -
1136 4927 1215 4989 VIII,
1236 4929 1306 4980 2794
1327 4949 1360 4970 =

66 5015 117 5072 Rau.
134 5029 189 5079 212,

133 5116 157 5174 7.
186 5117 248 5196 [0.]
271 5119 364 5179 Iulius
387 5116 421 5178 Ο.
444 5119 485 5178 fil.
509 5119 596 5178 domo
618 5118 770 5178 Arethusa
791 5117 937 5178 Livianus
961 5127 1018 5176 vet.
1041 5135 1077 5176 ex
1098 5117 1214 5194 aquilii.
1237 5119 1294 5197 leg.
1313 5119 1360 5178 Ill

68 5209 129 5290 Alg-
143 5215 274 5282 severiae
288 5222 449 5281 translatus
465 5241 502 5280 ex
517 5220 574 5298 leg.
590 5221 637 5279 lll
654 5219 759 5281 Gallio.
790 5224 934 5276 Lambaesi.
950 5247 982 5258 —
994 5221 1069 5283 VIII,
1084 5223 1155 5276 2904
1169 5241 1203 5264 =
1216 5222 1280 5274 Ren.
1296 5221 1357 5273 767.
