3394 5976
317 579 389 648 806
756 597 1027 648 uonrununuun
1057 599 1140 648 von.
1160 599 1214 649 vn
1525 603 1632 652 eos-uo

315 770 364 828 Ad
387 771 501 845 ephem.
518 769 551 826 11
573 788 601 844 p.
621 769 676 826 141
702 790 731 827 n.
755 770 810 827 181
836 771 907 847 (1113.
930 781 999 850 post
1021 793 1048 830 n.
1073 770 1175 847 1811).
1227 773 1434 832 Ciorterlrouac
1458 793 1495 832 oa
1521 775 1633 850 Mendip.

356 873 478 932 Massae
500 872 612 950 plumbi
635 872 751 948 aliquot
772 883 936 950 praeterea,
959 875 1007 933 vel
1029 893 1198 934 massarum
1221 875 1396 952 fragmenta,
1420 876 1562 953 inscripta
1580 879 1617 936 ita
1687 903 1688 978 p

919 1061 1043 1102 ΜΕΝΙΑ

315 1211 458 1269 Watlrin
481 1211 624 1268 arclaeol.
638 1211 737 1283 joarn.
754 1209 792 1268 33
816 1209 928 1286 (1876)
950 1230 978 1287 p.
996 1211 1055 1270 353
1079 1212 1211 1270 exhibet.
1248 1211 1306 1270 Est
1328 1213 1475 1288 particula
1497 1215 1633 1272 nominum

314 1313 408 1370 Marci
431 1322 461 1370 et
483 1311 556 1370 Veri
580 1314 836 1371 Armeniacorum.

314 1521 746 1599 despopondisti).
797 1525 867 1596 Uale,
893 1525 1146 1582 Monrnoutlslrtre.
1191 1526 1311 1602 Tegula
1332 1546 1394 1602 rep.
1417 1547 1443 1584 a
1472 1526 1563 1598 1877;
1586 1546 1633 1584 ser-

356 1634 406 1683 vat
428 1628 464 1684 Α.
488 1625 526 1682 D.
550 1625 740 1702 Berrington.

868 1782 946 1823 teo
969 1797 976 1810 ·
1000 1764 1092 1846 iillllll

314 1955 457 2014 Watkin
480 1956 624 2014 arolueol.
640 1956 740 2028 journ.
764 1958 803 2014 35
826 1956 937 2031 (1878)
961 1976 990 2032 p.
1007 1957 1055 2015 (19.

319 2092 486 2102 ——-

313 2164 386 2224 894
409 2166 479 2240 (ins.
503 2175 573 2241 post
593 2187 622 2224 n.
641 2164 744 2242 1885).
792 2157 896 2224 Devae
925 2167 1098 2243 prodierunt
1125 2169 1266 2244 exempla
1292 2169 1366 2228 haec
1394 2169 1453 2228 duo
1483 2170 1633 2248 tegularum

354 2268 483 2344 legionis
505 2268 584 2339 XX;
606 2287 626 2324 a
646 2269 689 2327 ibi
712 2278 814 2327 servat
836 2267 875 2328 G.
892 2269 938 2326 W.
962 2266 1140 2342 Slrrubsole,
1162 2271 1178 2325 b
1201 2271 1254 2328 ubi
1276 2273 1315 2330 sit
1338 2291 1397 2329 non
1420 2273 1576 2330 indicatur.

652 2731 668 2787 b
815 2747 1145 2790 uec·xx·v·v·os

315 2921 456 2980 Watkin
479 2922 622 2982 aredoeol.
639 2922 738 2993 journ.
763 2921 801 2979 35
825 2921 935 2998 (1878)
958 2943 986 2998 p.
1004 2923 1052 2981 66.

315 3129 384 3190 695
409 3131 478 3208 (1113.
495 3140 563 3209 post
577 3153 607 3190 n.
626 3130 748 3207 18843).
786 3132 874 3190 Ratis
891 3131 1064 3209 (Leieester)
1085 3133 1182 3192 adhuc
1202 3141 1304 3192 extare
1327 3135 1369 3209 (in
1385 3153 1493 3192 museo
1514 3131 1630 3204 urbicoi)

356 3233 486 3311 tegulam
509 3235 550 3292 ibi
572 3246 721 3311 repertam
744 3243 774 3292 et
794 3253 899 3293 revera
920 3236 1097 3311 inscriptam
1120 3254 1188 3295 esse

932 3389 1028 3432 LVlll

314 3509 455 3566 Watkin
479 3509 621 3568 orciaeol.
637 3511 736 3582 journ.
761 3509 800 3568 34
823 3509 933 3586 (1877)
955 3530 984 3586 p.
1003 3510 1061 3568 148
1089 3511 1225 3570 affirmat.

356 3611 404 3670 De
429 3613 547 3688 legione
575 3620 680 3670 octava
705 3613 754 3670 vel
782 3613 881 3687 potius
908 3613 944 3671 de
972 3613 1166 3671 vexillatione
1193 3615 1257 3672 eius
1285 3615 1314 3670 in
1341 3615 1500 3674 Britannia
1525 3616 1632 3691 degente

315 3714 379 3773 dixi
402 3715 461 3772 vol.
477 3715 507 3772 11
530 3713 645 3790 [1305.
689 3715 803 3772 Tamen
829 3734 894 3772 earn
921 3724 1036 3773 tantum
1063 3717 1208 3792 temporis
1234 3717 1265 3774 in
1287 3717 1447 3775 Britannia
1474 3715 1631 3780 tetendisse,

314 3825 348 3874 ut
368 3817 455 3875 Ratis
477 3817 597 3894 figlinas
620 3817 771 3888 conderet,
797 3819 974 3893 tegulasque
1002 3819 1093 3876 totius
1120 3818 1257 3895 legionis,
1285 3838 1345 3877 non
1369 3818 1569 3878 vexillationis
1592 3835 1632 3872 no

314 3919 394 3978 mine
414 3919 599 3990 inscriberet,
624 3939 685 3978 non
714 3919 812 3977 creda.
856 3921 961 3995 Itaque
982 3931 1062 3978 reete
1084 3921 1154 3978 olim
1179 3922 1319 3980 damnavi
1348 3921 1482 3997 (11.18“)
1511 3919 1631 3978 diffidens

314 4022 385 4080 testi
411 4041 470 4080 non
496 4023 584 4079 nimis
612 4035 706 4093 certo;
735 4023 854 4079 certiori
881 4023 968 4080 credo
998 4024 1156 4100 genuinam
1183 4042 1250 4082 esse
1277 4035 1307 4082 et
1335 4033 1414 4082 recte
1441 4025 1565 4092 lectam,
1589 4017 1632 4076 sed

314 4135 388 4200 puto
411 4143 546 4183 mancam
569 4143 637 4184 esse
659 4125 888 4200 impressionem
914 4135 944 4184 et
966 4126 1061 4184 luisse
1082 4125 1213 4184 LVllll.
1255 4127 1303 4185 De
1326 4127 1444 4204 legione
1467 4145 1546 4184 nona
1565 4123 1631 4180 Ebu·

314 4227 432 4285 racensi
459 4227 495 4284 ci.
519 4245 596 4303 quae
625 4227 688 4285 dixi
711 4228 771 4285 vol.
787 4227 816 4284 11
840 4247 868 4302 p.
886 4228 923 4285 61
953 4237 984 4286 et
1004 4247 1033 4284 n.
1053 4227 1141 4286 1884.
1186 4229 1292 4286 Potest
1312 4228 1401 4287 Ratis
1429 4227 1588 4305 aliquando
1607 4224 1631 4278 in

314 4331 424 4388 eastris
444 4329 538 4387 luisse
561 4339 721 4404 antequam
743 4329 912 4388 Eburacum
935 4330 1123 4406 procederet3
1148 4331 1200 4388 sed
1221 4332 1315 4408 magis
1338 4341 1410 4408 puto
1434 4331 1562 4408 tegulam
1583 4327 1631 4384 sin-

315 4432 447 4508 gularem
470 4431 608 4490 Eburaco
631 4432 678 4490 vel
701 4452 738 4490 ex
761 4433 870 4490 vicinia
892 4452 927 4490 eo
950 4433 1078 4490 delatam
1102 4451 1168 4490 esso
1189 4452 1270 4490 casu.

316 4639 388 4700 696
412 4642 482 4716 (ins.
504 4651 574 4720 post
596 4639 766 4718 1118853).
812 4643 958 4719 Tegulam
985 4645 1015 4699 in
1041 4643 1146 4718 Conwy
1174 4652 1333 4719 repertam,
1360 4662 1448 4719 quarn
1470 4644 1541 4700 olim
1562 4641 1629 4696 dam·

357 4745 427 4802 navi
450 4742 592 4818 (n.19*)‚
615 4745 657 4802 ita
679 4745 853 4822 inscriptam

909 4865 985 4906 isc
1009 4879 1015 4892 ·
1038 4865 1057 4906 x

357 5031 536 5109 particulam
559 5052 627 5092 esse
651 5035 769 5110 tegulae
791 5051 847 5092 Leo
864 5066 870 5078 ·
886 5053 947 5093 xx·
964 5053 984 5094 v
1002 5068 1007 5078 ·
1025 5053 1044 5094 V

316 5170 461 5228 Watkin
483 5173 626 5229 areliacol.
636 5173 734 5244 jouru.
753 5173 791 5230 34
807 5173 916 5248 (1877)
941 5194 968 5250 p.
989 5173 1046 5230 148
1069 5174 1241 5231 observavit
1263 5183 1350 5231 recte.
1389 5173 1436 5230 Ibi
1451 5171 1527 5228 enirn
1549 5183 1625 5245 propt-

315 5273 392 5330 tales
414 5273 532 5350 tegulae
554 5274 682 5352 legionis
704 5275 853 5333 llevensis
876 5277 949 5334 satis
974 5276 1144 5350 frequentes
1168 5285 1245 5334 sunt.
