3530 5972
385 675 459 747 528
960 687 1142 744 nouusure

384 869 493 941 mania,
515 867 553 926 ad
573 867 674 926 fenum
696 866 855 926 secandum
877 867 909 924 in
930 865 1086 942 Africa1).
1119 864 1179 925 Sed
1201 865 1347 924 stationes
1370 864 1436 942 (ees
1452 866 1594 925 nimirum
1608 867 1698 942 quibos

383 971 555 1030 Hadrianus
577 971 739 1047 imperator
765 970 796 1028 in
818 969 957 1027 contione
983 969 1026 1026 ait
1051 968 1234 1045 legionarios
1256 968 1419 1027 Africanos
1445 968 1587 1028 distineri
1613 969 1697 1028 multis

381 1082 412 1132 et
438 1071 581 1148 diversis)
613 1072 791 1148 occupantia
817 1069 968 1148 praesidia
997 1070 1177 1146 legionaris,
1214 1089 1250 1128 ea
1275 1070 1401 1144 scilicet,
1437 1091 1455 1129 a
1480 1071 1594 1147 quibus
1619 1072 1700 1146 burga

381 1176 578 1235 aedificantur
601 1183 633 1234 et
657 1174 878 1245 custodiuntur,
905 1178 975 1231 item
997 1171 1102 1231 eodem
1127 1171 1246 1232 nomine
1268 1179 1390 1231 utuntur
1411 1172 1485 1248 (vol.
1497 1171 1577 1232 v111
1599 1195 1626 1232 ιι.
1641 1177 1663 1230 1.
1676 1173 1699 1232 3.

383 1276 473 1338 2482.
497 1275 603 1352 8796).
639 1276 686 1334 ιιι
706 1275 785 1334 enim
808 1283 893 1334 utre
915 1275 1038 1334 stabilia
1063 1283 1162 1346 erant,
1189 1276 1232 1332 ita
1254 1275 1292 1332 ad
1313 1275 1532 1334 ordinationem
1555 1275 1700 1333 militarem

381 1399 441 1440 non
464 1379 660 1457 pertinebant,
681 1397 736 1437 nec
756 1379 808 1455 qui
826 1379 871 1437 eis
886 1385 1045 1454 praeerant
1064 1389 1176 1437 certum
1196 1379 1230 1436 in
1251 1378 1398 1436 honorum
1419 1379 1517 1455 gradu
1539 1377 1638 1435 locum
1658 1378 1700 1434 οι

381 1483 516 1542 tinebant
536 1501 593 1540 nec
613 1481 722 1539 milites
744 1480 933 1556 praesidiarii
951 1489 1073 1558 propter
1092 1499 1129 1539 ea
1147 1499 1302 1538 numerum
1325 1480 1488 1538 mutabant
1522 1479 1700 1538 Praesidium

382 1585 440 1645 hoc
465 1585 617 1662 octoginta
644 1583 705 1642 fere
731 1583 860 1643 militum
889 1581 970 1658 (nam
998 1599 1177 1659 quamquam
1198 1581 1278 1660 lapis
1300 1582 1379 1640 infra
1400 1583 1546 1658 abruptus
1573 1592 1631 1652 est,
1649 1601 1699 1639 nou

380 1688 475 1747 multa
495 1685 661 1746 interierint
682 1703 804 1744 necesse
825 1693 883 1757 est,
905 1703 971 1743 cum
987 1684 1102 1762 pedites
1117 1684 1245 1762 legionis
1264 1684 1364 1743 adsint
1384 1683 1503 1760 omnes)
1527 1685 1701 1744 consistebat

379 1791 409 1848 in
432 1789 561 1848 confinio
576 1788 758 1847 Moesiarum
777 1788 913 1860 duarum,
927 1788 1090 1864 pertinens,
1111 1796 1144 1845 ut
1158 1786 1291 1846 ostendit
1304 1795 1364 1844 tam
1379 1787 1498 1863 legatus
1514 1805 1608 1863 quam
1622 1787 1699 1864 legio,

379 1893 417 1950 ad
443 1893 604 1951 exercitum
632 1890 803 1967 provinciae
824 1890 984 1949 inferioris.
1021 1889 1119 1964 Quam
1142 1890 1179 1948 ob
1206 1908 1327 1948 causam
1356 1889 1461 1948 titulus
1482 1889 1641 1948 dedicatus
1661 1891 1700 1956 sit,
1752 1905 1753 1914 ¹

379 2015 439 2054 non
460 1993 643 2071 intellegitur
657 1993 811 2052 deficiente
825 1992 972 2070 principio
978 2013 987 2063 ;
1009 1991 1139 2050 fortasse
1160 1993 1290 2051 numinis
1312 1991 1466 2052 cuiusdam
1482 1993 1649 2051 sacrarium
1660 1991 1700 2048 rel

378 2097 568 2175 imperatoris
589 2096 637 2154 Pii
661 2104 789 2154 statuam
812 2095 973 2172 aliqnando
995 2094 1128 2153 ornabat.

460 2197 623 2276 Legionem
639 2198 685 2256 XI
702 2195 860 2257 Claudiam
875 2199 1039 2273 imperante
1053 2196 1187 2256 Traiano
1202 2215 1342 2256 noremus
1358 2195 1539 2257 Germaniae
1563 2197 1701 2276 superiori
1752 2277 1753 2284 ἵ

378 2298 621 2379 praesedisse⁹)‚
652 2300 816 2376 imperante
842 2299 1099 2360 Marcoldoesiae
1124 2299 1309 2376 inferiori³).
1354 2299 1423 2374 Quo
1451 2309 1586 2375 tempore
1613 2314 1700 2358 castre

377 2412 523 2464 mutasset
547 2421 613 2462 cum
639 2401 736 2461 adhuc
762 2402 959 2481 ignoraretur,
986 2401 1038 2460 alii
1066 2401 1102 2460 de
1127 2401 1207 2462 bello
1230 2402 1452 2461 Marcomanico
1474 2401 1571 2460 Marci
1598 2403 1699 2478 cogita-
1752 2467 1753 2480 ,

379 2505 536 2582 verunt4),
558 2505 610 2563 alii
632 2504 668 2562 de
682 2504 806 2564 Dacicis
819 2499 992 2579 Traiani5).
1027 2504 1114 2564 illam
1136 2505 1337 2564 coniecturam
1359 2505 1419 2564 iam
1434 2505 1591 2581 redarguit
1606 2503 1699 2562 titulus
1752 2523 1753 2530 ¹

376 2628 464 2686 quem
487 2607 601 2666 edimus
623 2607 771 2686 legionem
793 2607 897 2666 a155
919 2607 1084 2683 imperante
1103 2605 1160 2666 Pio
1176 2611 1207 2665 in
1225 2607 1342 2666 Moesis
1359 2607 1526 2678 collocans3
1550 2606 1626 2666 haec
1640 2625 1699 2684 pro·
1752 2679 1753 2688 ἒ

377 2711 485 2770 babilis
508 2719 562 2769 est

460 2812 568 2873 Castra
587 2811 716 2888 legionis
737 2811 786 2870 XI
812 2811 930 2870 saeculo
956 2813 1043 2870 tertio
1064 2821 1193 2871 exeunte
1213 2819 1243 2871 et
1264 2813 1405 2888 deinceps
1428 2812 1524 2871 inisse
1546 2809 1700 2870 Durostori

375 2915 541 2990 constari).
586 2913 647 2975 Sed
673 2914 804 2974 secundo
829 2933 897 2992 cnm
919 2915 950 2972 iu
970 2914 1078 2974 iisdem
1100 2915 1208 2974 castris
1230 2913 1411 2991 legionemI
1432 2913 1571 2972 Italicam
1598 2913 1699 2972 eonsti-

375 3021 449 3078 tisse
471 3026 574 3076 auctor
595 3019 636 3076 sit
654 3017 855 3091 Ptolemaeus,
882 3017 937 3076 sub
960 3015 1016 3074 Pio
1039 3016 1109 3076 alibi
1131 3021 1161 3075 in
1183 3017 1302 3076 Moesia
1322 3016 1483 3076 tetenderit
1504 3034 1628 3074 neeesse
1649 3025 1698 3074 est

375 3122 438 3179 lam
461 3140 526 3178 cum
548 3120 580 3178 in
602 3139 638 3178 ea
658 3121 813 3197 provincia
833 3129 918 3178 terna
939 3127 1039 3178 castra
1059 3119 1224 3196 legionaris
1245 3119 1354 3179 luerint
1376 3117 1534 3178 Novensia
1555 3117 1698 3178 Durosto
1752 3147 1753 3150 ι

376 3223 475 3282 rensia
494 3221 721 3296 Troesmensia‚
744 3223 793 3282 hic
814 3223 918 3282 titulus
940 3221 971 3280 in
993 3231 1127 3281 extremo
1148 3221 1275 3282 castello
1297 3221 1336 3280 ad
1358 3223 1543 3281 occidentem
1566 3223 1697 3281 inventus
1752 3249 1753 3266 2

584 3377 598 3402 ‚‚
1080 3376 1082 3382 .

452 3446 475 3511 ¹)
501 3448 647 3500 Brambach
666 3465 692 3498 ιι.
706 3449 767 3499 ets.
787 3448 846 3498 Vol.
856 3448 924 3500 VIII
942 3465 968 3499 n.
982 3449 1063 3500 4322.
1096 3437 1303 3514 Gi.ldarquardt
1322 3446 1489 3500 Staatsrerrc.
1510 3451 1536 3512 2,
1550 3451 1612 3500 419.

449 3539 474 3604 ²)
499 3541 645 3592 Brambach
664 3557 689 3591 n.
704 3541 783 3592 1666.

449 3631 474 3696 ³)
500 3633 650 3684 Laterculus
667 3634 798 3698 legionum
818 3634 930 3690 urbanus
949 3633 1046 3684 vol.VI
1064 3649 1089 3683 n.
1104 3633 1176 3684 3492
1193 3634 1304 3698 scriptus
1322 3634 1390 3684 inter
1408 3634 1572 3684 Hadrianum
1589 3641 1616 3684 et
1633 3634 1696 3684 Mar·

374 3743 432 3778 cum
456 3725 526 3789 (nam
545 3727 660 3792 legiones
679 3733 730 3776 tres
749 3741 765 3775 a
783 3727 880 3778 Severo
901 3726 1017 3786 additae,
1042 3725 1152 3775 fortasse
1176 3727 1253 3775 etiam
1273 3726 1339 3776 duae
1358 3727 1463 3776 additae
1483 3741 1500 3776 a
1519 3727 1610 3777 Marso
1629 3735 1696 3776 extre

372 3820 488 3869 ordinem
502 3819 529 3868 in
542 3819 592 3868 line
606 3818 720 3868 adiectae
733 3817 800 3879 sunt)
814 3819 929 3882 legiones
942 3833 1094 3868 enumerans
1109 3818 1248 3868 secundum
1261 3818 1378 3868 ordinem
1392 3819 1593 3884 provinciarum,
1607 3821 1634 3870 in
1644 3835 1695 3883 prn-

371 3913 463 3962 rinciis
481 3919 566 3964 autem
585 3911 724 3960 secundum
744 3925 872 3973 numeros,
893 3925 944 3961 uno
964 3917 1052 3960 tenore
1076 3917 1191 3960 recenset
1208 3911 1223 3961 1
1241 3909 1373 3973 Italicam,
1393 3912 1417 3959 V
1431 3911 1641 3972 Macedonicam,
1659 3910 1694 3959 xl

372 4003 508 4054 Claudiam
522 4003 637 4052 Moesiae
655 4002 785 4053 inferioris
804 4017 901 4053 omnes.
930 4003 998 4053 Nam
1018 4003 1087 4067 quod
1104 4017 1187 4068 nuper
1203 4003 1337 4068 proposuit
1349 4003 1453 4053 Pfianer
1469 4002 1573 4064 (Gessit.
1586 4003 1633 4053 der
1640 4003 1694 4050 ιιῖιι.

371 4094 581 4162 Kaiserleqionen
597 4097 666 4146 1681
686 4111 710 4159 p.
726 4094 768 4145 80.
785 4093 845 4145 163.
862 4093 924 4156 253)
944 4096 1058 4159 legiones
1077 4095 1142 4145 duas
1155 4095 1203 4145 has
1222 4109 1350 4146 unacum
1369 4109 1399 4145 ea
1418 4111 1485 4161 quse
1504 4098 1619 4162 seqnitur
1631 4093 1694 4145 xm

370 4190 474 4252 gemina
492 4189 604 4238 secundo
624 4188 726 4238 saeculo
745 4188 772 4236 in
791 4186 876 4237 Dacia
899 4195 982 4237 castra
1001 4187 1134 4248 habuisse,
1160 4201 1316 4254 quamquam
1340 4187 1373 4238 ob
1397 4187 1462 4238 alias
1487 4205 1591 4254 qnoque
1612 4201 1694 4237 esum

369 4280 527 4330 reiciendum
546 4287 584 4330 est
603 4279 712 4342 (Daciae
731 4280 801 4330 enim
818 4280 903 4344 legato
923 4286 982 4329 ante
994 4279 1111 4330 Marcum
1130 4278 1261 4344 practorio
1281 4288 1333 4330 tres
1345 4281 1460 4344 legiones
1478 4296 1573 4345 parere
1591 4296 1641 4331 non
1652 4293 1692 4343 po

370 4379 487 4434 tuerent,
521 4387 604 4437 neque
631 4355 698 4422 inter
720 4378 760 4422 tot
783 4372 870 4422 titulos
893 4371 1004 4422 Dacicus
1034 4373 1101 4422 ullus
1127 4379 1178 4435 est,
1208 4374 1252 4439 qui
1281 4357 1408 4438 legionem
1432 4373 1474 4422 XI
1499 4373 1634 4424 Claudiam
1661 4371 1692 4418 ibi

369 4471 453 4515 castra
471 4463 590 4514 habuisse
610 4465 757 4527 monstret),
781 4466 832 4514 iam
851 4465 888 4514 ita
905 4465 1066 4529 redarguitur
1084 4463 1133 4515 hoc
1152 4467 1209 4530 ipso
1229 4465 1262 4515 de
1281 4479 1332 4531 qno
1351 4466 1451 4530 agimus
1470 4465 1564 4528 titulo,
1582 4475 1612 4515 nt
1628 4464 1691 4514 retu·

369 4557 473 4606 tationis
493 4557 514 4606 is
533 4557 608 4606 nobis
628 4559 681 4607 otia
698 4558 797 4608 iecerit.
824 4556 972 4608 concidunt
990 4557 1065 4606 simul
1086 4571 1151 4623 quse
1170 4558 1241 4608 idem
1261 4565 1351 4608 auctor
1370 4557 1404 4606 de
1423 4557 1528 4622 legione
1541 4557 1690 4608 vetenedo

369 4649 426 4699 nica
446 4655 536 4698 contra
554 4663 594 4698 me
613 4651 716 4715 scripsit
734 4650 931 4700 contendentem
950 4663 1007 4700 eam
1027 4649 1061 4698 ad
1072 4650 1196 4702 Severum
1212 4665 1296 4718 ‘usque
1315 4651 1341 4699 in
1354 4649 1457 4699 Moesia
1475 4649 1599 4700 inferiore
1617 4657 1690 4698 teten-

369 4742 446 4792 disse.
468 4741 537 4791 Nam
549 4747 684 4806 postquam
704 4749 778 4792 extre
796 4741 901 4791 dubium
919 4749 960 4792 est
978 4749 1030 4792 tarn
1049 4742 1177 4806 legionem
1196 4758 1262 4808 quae
1282 4745 1309 4792 in
1328 4743 1452 4793 laterculo
1471 4742 1604 4806 praeeedit
1621 4755 1689 4806 qnam
1752 4731 1753 4770 ι

368 4835 565 4899 subsequentem
590 4833 702 4882 secundo
725 4834 828 4884 saeculo
852 4834 880 4884 in
904 4848 935 4884 ea
958 4835 1092 4900 provincia
1117 4841 1200 4885 castra
1223 4834 1355 4896 habuisse,
1379 4836 1441 4884 item
1464 4835 1581 4885 decisum
1604 4842 1642 4882 est
1663 4831 1691 4879 de

370 4927 523 4991 interposita
542 4925 639 4991 quinta.
677 4925 768 4990 Itaque
787 4925 819 4974 de
838 4927 920 4976 titulis
939 4927 1153 4977 Troesmensibus
1170 4927 1221 4988 ΙΠ,
1238 4927 1319 4978 6162.
1333 4925 1404 4976 6166
1423 4926 1494 4978 idem
1513 4935 1602 4978 auctor
1620 4939 1688 4991 qnam

367 5021 480 5082 graviter
499 5017 630 5077 erraverit,
651 5017 826 5067 demonstrare
845 5033 1061 5084 supervacaneum
1081 5027 1128 5070 est.

442 5105 467 5172 ⁴)
493 5109 640 5160 Brambseh
660 5109 689 5159 Ο.
703 5109 725 5158 I.
738 5107 820 5159 Rhen.
840 5127 865 5176 p.
879 5111 943 5162 XII.

441 5201 468 5264 ⁶)
493 5203 596 5253 Plizner
614 5202 632 5251 ι.
647 5217 668 5253 c.
697 5203 820 5253 Eiusdem
841 5219 953 5254 errorem
977 5205 1105 5269 legionem
1124 5203 1158 5254 ad
1177 5206 1260 5269 ipsam
1279 5203 1389 5256 Daciam
1407 5205 1535 5256 trahentis
1553 5205 1630 5256 modo
1648 5217 1687 5252 no·

366 5295 483 5344 terimus.

441 5383 466 5448 6ι
493 5387 583 5438 Testes
602 5393 662 5438 sunt
680 5389 840 5439 itinerarium
855 5389 1058 5440 Antoninianum
1078 5397 1103 5439 et
1115 5390 1218 5444 Notitic
1229 5390 1392 5456 dignitatum.
1422 5389 1685 5458 ct.v01.mp.sst.
