3428 5970
565 659 925 721 varaaluonvuova.
1226 721 1231 734 ⁸
1335 639 1408 710 505

74 831 270 908 Descriptam
289 833 327 890 ab
346 830 449 890 eodem
470 829 571 908 Syrlru
590 829 672 890 misit
690 831 841 908 ediditque
860 832 883 890 l.
899 831 1116 907 Ponialowslry
1136 850 1201 890 cam
1219 851 1248 890 ιι.
1264 828 1411 890 LXVIII.

73 931 314 1008 Repraesentari
337 941 498 1010 atramque
519 932 701 1008 exemplam,
728 933 842 993 scilicet
862 935 961 1011 ipsam
985 931 1216 1010 Syrlsowianam
1239 933 1277 991 ab
1299 933 1412 992 editore

74 1035 148 1092 mihi
174 1035 316 1106 missum,
349 1053 415 1094 cum
448 1035 510 1094 suis
540 1035 658 1107 naevis,
691 1043 837 1112 quatenus
863 1037 928 1112 typi
955 1035 1162 1112 permiserant.
1209 1034 1244 1092 Ia
1270 1035 1411 1092 interiore

73 1137 208 1211 pessime
230 1139 343 1214 scripto
365 1137 481 1196 litteras
503 1135 683 1196 deformatas
709 1137 752 1196 ita
777 1148 810 1196 ut
836 1145 1067 1214 agnoscerentur
1092 1136 1130 1195 ad
1156 1143 1328 1194 consuetam
1351 1137 1412 1193 for·

74 1257 154 1296 mam
177 1239 326 1311 revocavi
349 1258 385 1298 ea
407 1237 574 1315 dequibus
597 1238 726 1298 dubitari
749 1247 857 1314 potest,
885 1245 916 1296 at
938 1239 1021 1315 potui
1042 1239 1169 1297 reddidi.
1191 1267 1194 1272 ·
1213 1237 1357 1296 Exterius
1379 1237 1410 1296 ia

73 1341 248 1399 universam
280 1349 366 1399 reete·
390 1341 450 1417 legi
479 1347 615 1417 apparet;
647 1359 723 1416 qaae
755 1349 853 1399 errata
885 1350 967 1412 sant,
1001 1349 1036 1398 at
1062 1339 1080 1398 6
1102 1356 1206 1412 χχχιιι,
1242 1339 1410 1410 asverus,

76 1441 113 1498 16
137 1457 303 1513 araurssrs,
329 1442 365 1499 17
386 1459 435 1513 ιιν,
460 1441 498 1500 93
521 1459 546 1508 a¹
564 1460 618 1519 pro
641 1457 658 1498 r
680 1442 811 1514 omnino,
835 1439 873 1498 ta
896 1457 970 1514 nov,
993 1442 1137 1518 pleraque
1160 1442 1199 1500 ad
1220 1449 1409 1517 exceptorem

73 1543 233 1602 reserenda
255 1551 324 1602 sant
346 1543 515 1620 ceteroquin
537 1543 696 1622 diligenter
717 1544 818 1602 officio
839 1543 982 1602 iunctam.

157 1621 193 1721 ⁸¹)
226 1644 292 1703 Lex
313 1645 397 1716 haec,
420 1664 496 1722 qaae
517 1645 614 1722 prima
636 1645 797 1704 innotescit
817 1645 879 1704 lata
897 1665 916 1703 ιι
934 1645 1036 1704 Marco
1055 1652 1125 1722 post
1145 1645 1260 1704 obitam
1276 1644 1357 1716 Veri,
1379 1645 1409 1703 in

73 1747 197 1806 nomine
216 1747 298 1805 illias
316 1747 538 1823 honoribusque
553 1745 711 1806 efferendis
726 1747 815 1824 plane
830 1746 992 1806 concordat
1007 1765 1073 1806 cum
1087 1747 1281 1823 inscriptione
1297 1748 1412 1806 arbans

73 1867 163 1907 arcus
187 1847 289 1907 Marco
312 1867 331 1906 a
352 1857 457 1908 senata
479 1849 606 1908 dedicati
629 1869 656 1906 a.
675 1847 733 1907 176
756 1847 832 1924 (vol.
842 1847 885 1905 VI
906 1867 935 1905 ιι.
954 1848 1058 1924 1014).
1097 1847 1300 1908 Confirmatar
1321 1849 1411 1926 Igitur

72 1959 142 2026 post
156 1950 231 2009 Veri
252 1959 377 2009 mortem
401 1970 467 2008 eam
490 1951 591 2009 fratris
613 1952 777 2010 consecrati
798 1969 906 2008 nornen
925 1951 1086 2010 maioribus
1108 1951 1336 2027 interposuisse,
1358 1969 1409 2009 no-

70 2051 206 2111 minibus
228 2061 326 2111 autem
350 2053 522 2111 Armeniaci
543 2052 677 2112 Parthici
701 2052 807 2110 Medici
830 2052 962 2130 legitimo
985 2071 1039 2112 asu
1060 2053 1252 2112 abstinuisse.

161 2151 193 2229 ²)
227 2153 289 2212 Pro
312 2169 464 2225 intr-vra,
486 2161 519 2212 ut
541 2155 668 2213 traditur
690 2164 777 2226 extr,
799 2153 847 2212 vel
870 2169 1009 2226 arar-vti,
1032 2162 1065 2212 at
1087 2155 1204 2213 videtur
1226 2171 1293 2214 esse
1315 2155 1407 2226 intas,

68 2253 237 2330 requiritur
258 2271 419 2328 rrae-vara
442 2275 510 2314 naar
532 2257 669 2332 Inscripti
689 2265 758 2314 sant
778 2255 889 2314 nummi
909 2255 973 2314 easi
993 2275 1047 2332 per
1065 2265 1100 2314 tr.
1121 2275 1150 2332 p.
1164 2255 1286 2328 XXXI,
1308 2255 1339 2312 id
1361 2263 1409 2314 est

69 2377 97 2415 a.
118 2357 192 2426 177,
214 2357 266 2414 alii
288 2361 355 2434 Imp.
374 2358 465 2430 VIII,
487 2357 538 2416 alii
558 2361 625 2434 Imp.
645 2357 751 2428 VIIII,
773 2358 836 2416 cusi
855 2366 891 2414 tr.
911 2378 940 2435 p.
956 2356 1087 2415 XXXII
1103 2375 1208 2416 omnes
1224 2361 1291 2434 Imp.
1310 2357 1409 2418 VIIII

67 2457 205 2534 (Eckhel
222 2459 250 2530 7,
267 2459 315 2517 04.
333 2459 397 2535 65).

161 2558 192 2634 ³)
226 2559 293 2618 Lex
319 2561 401 2632 haec,
428 2579 506 2635 qaae
532 2563 629 2638 prima
655 2569 701 2620 est
727 2562 798 2620 data
824 2581 842 2620 a
869 2561 1045 2633 Commodo,
1074 2562 1162 2620 etiam
1188 2561 1292 2638 primis
1318 2561 1406 2619 annis

67 2661 163 2720 Aelio
190 2663 311 2720 nomiae
337 2671 488 2738 tamquam
515 2663 647 2739 legitimo
674 2683 741 2722 eum
767 2681 855 2722 usam
884 2681 951 2722 esse
982 2663 1128 2734 ostendit,
1157 2663 1187 2721 id
1215 2663 1293 2739 quod
1318 2672 1407 2721 antea

68 2765 180 2839 opinor
201 2763 410 2840 ignorabatar3
433 2783 501 2822 nam
525 2765 643 2822 titulum
663 2765 861 2824 Emoaeassm
883 2763 1149 2824 v01.111n.3843
1171 2783 1231 2822 uon
1253 2765 1318 2822 eius
1340 2781 1406 2823 esse

67 2867 101 2924 in
124 2865 320 2924 adnotatione
342 2865 381 2924 ad
402 2884 470 2925 eum
492 2866 617 2925 ostendi.

159 2963 191 3042 ⁴)
224 2969 285 3026 Aes
306 2967 337 3026 ia
360 2977 483 3044 atroque
505 2967 643 3046 exemplo
666 2969 753 3028 etiam
777 2986 795 3026 ιι
818 2967 960 3042 admittiq
983 2969 1036 3028 sed
1058 2969 1218 3044 requiritur
1239 2983 1278 3026 ιιι.

160 3069 190 3146 ⁵)
224 3068 260 3128 Iu
287 3070 376 3129 titulo
401 3069 584 3130 Brundisino
612 3068 662 3146 (C.
683 3071 706 3129 1.
729 3069 783 3130 Gr.
806 3071 864 3130 vol.
880 3071 926 3128 lll
947 3089 977 3147 p.
996 3069 1075 3129 1254
1097 3090 1126 3128 ιι.
1142 3069 1222 3128 5783
1232 3069 1260 3147 c)
1293 3069 1404 3128 mentio

69 3171 101 3229 fil
124 3161 272 3253 qgaa'pffle)
295 3161 324 3228 α’
347 3171 411 3248 [Φλ.
433 3165 591 3248 Ν]ουμιδιῖν
613 3170 669 3248 [ι’κ]
692 3162 828 3254 Hippos)
850 3173 902 3243 mic
923 3163 1135 3250 [Πα]μφυ>ιάι·.

158 3272 191 3349 ⁶)
223 3273 301 3332 Esse
323 3273 424 3333 debuit
445 3278 475 3332 ιἰι
497 3273 591 3352 Lycia
611 3274 794 3350 Pamphylia.

159 3373 189 3450 ⁷)
224 3372 313 3448 Quod
335 3375 511 3452 pleramque
532 3384 668 3435 statuant
689 3383 811 3453 propter
831 3377 1031 3454 fragmentum
1054 3375 1163 3435 Dionis
1184 3375 1233 3450 69,
1256 3377 1293 3434 14
1316 3377 1353 3435 ab
1375 3396 1402 3436 a.

67 3477 139 3534 inde
166 3476 224 3535 135
250 3475 375 3553 Lyciam
401 3487 431 3536 et
456 3476 670 3556 Pamphyliam
696 3479 751 3537 sab
778 3478 1007 3554 proconsulibus
1035 3478 1143 3549 fuisse,
1175 3479 1203 3536 ei
1235 3485 1265 3535 et
1295 3478 1402 3536 titulus

67 3577 239 3637 contrarias
265 3587 312 3636 est
337 3578 372 3638 C.
388 3579 413 3636 Ι.
430 3577 485 3638 Gr.
510 3581 565 3638 rol.
582 3579 630 3637 III
652 3599 680 3656 p.
700 3579 779 3638 1140
801 3598 829 3637 ιι.
846 3579 926 3638 4303
943 3578 969 3636 t'
991 3579 1122 3656 scriptas
1148 3579 1325 3656 sublegato
1347 3598 1402 3656 pro

65 3687 209 3756 praetore
230 3681 394 3759 imperante
416 3681 473 3740 Pio
495 3693 525 3740 et
546 3683 620 3740 haec
642 3683 692 3740 lex
713 3701 740 3740 a.
761 3691 839 3740 certe
856 3681 914 3739 178
937 3681 1121 3758 provinciam
1143 3681 1199 3740 sub
1222 3680 1402 3758 Imperatore

64 3781 165 3841 faisse
187 3781 348 3842 declarans.

159 3879 189 3960 Ε)
221 3883 347 3943 Praeter
373 3885 615 3944 consuetudinem
642 3885 802 3962 iungantur
827 3885 945 3964 legatas
972 3892 1002 3943 et
1028 3885 1179 3959 tribanus,
1208 3885 1289 3961 qaod
1313 3883 1401 3944 haias

63 3985 243 4063 provinciae
264 3986 413 4046 exercitus
434 4007 495 4046 aaa
515 3987 579 4046 sola
600 3988 723 4046 cohorte
744 3987 966 4046 conficiebatur.

157 4085 188 4162 9)
226 4085 315 4165 Orfito
338 4099 363 4147 et
383 4089 460 4166 Rufo
482 4089 573 4148 intus.
596 4121 635 4132 -
658 4088 694 4147 In
717 4089 803 4146 annis
825 4089 957 4164 legitime
980 4087 1183 4166 significandis
1206 4106 1272 4146 cam
1294 4107 1402 4148 consa·

64 4189 112 4246 les
136 4188 255 4248 suffecti
276 4189 374 4250 locam
397 4209 482 4249 saum
504 4191 664 4250 retinuisse
683 4191 838 4249 videantur
853 4190 890 4248 ad
906 4188 1102 4249 Commodum
1118 4207 1213 4267 usqae
1228 4189 1271 4266 (v.
1287 4189 1402 4249 Stacta-

66 4291 147 4348 reclt
162 4287 205 4362 2²,
222 4289 286 4366 87),
307 4293 464 4369 probabile
480 4301 526 4351 est
541 4294 611 4351 anni
629 4293 686 4352 178
709 4293 838 4368 primam
861 4291 1036 4350 nundinium
1059 4291 1276 4368 quadrimestre
1297 4291 1401 4363 faisse,

65 4411 165 4469 neque
180 4393 210 4451 id
226 4392 431 4452 difficultatem
447 4393 528 4466 facit,
550 4413 730 4470 quamquam
751 4394 894 4471 pleraque
916 4393 1059 4452 nundinia
1078 4401 1141 4452 tam
1162 4393 1318 4453 blmeatria
1337 4393 1401 4452 iae·

64 4503 138 4552 rant
159 4493 193 4569 (l.
208 4513 233 4553 c.
249 4515 279 4572 p.
295 4494 359 4572 89).
376 4528 413 4538 -
431 4495 657 4556 Ordinarioram
673 4497 737 4554 eius
753 4496 823 4554 anni
837 4496 927 4571 plena
941 4497 1064 4555 ιιοιιιίιιιι
1078 4514 1158 4554 nunc
1176 4496 1293 4554 demam
1309 4515 1401 4554 emer·

64 4605 150 4672 gunt.
186 4596 363 4675 Disputavit
378 4598 413 4657 de
426 4598 465 4656 iis
480 4597 663 4675 Borghesius
679 4617 748 4675 opp.
766 4597 794 4668 3,
812 4597 850 4656 58
867 4615 929 4673 seq.
967 4596 1149 4657 Floraeraut
1165 4618 1219 4676 per
1234 4597 1290 4654 hos
1305 4615 1400 4655 annos

66 4696 133 4757 Ser.
151 4695 333 4776 Calpurnius
350 4697 450 4776 Scipio
467 4699 582 4759 Orfitus
598 4700 691 4758 salias
706 4699 864 4757 Palatinas
883 4698 1040 4757 defunctus
1057 4718 1084 4756 a.
1101 4701 1156 4758 191
1175 4698 1243 4775 (VI,
1259 4697 1399 4770 1980,12

64 4799 103 4857 ci.
118 4799 143 4857 F
145 4800 251 4858 abrett.
261 4801 330 4872 744,
344 4800 418 4876 518)
430 4811 460 4860 et
472 4799 631 4860 Cornelius
648 4799 750 4877 Scipio
763 4799 878 4860 Orfitus
894 4812 1011 4859 creatus
1025 4801 1118 4861 salias
1130 4801 1287 4860 Palatinas
1300 4819 1325 4858 a.
1342 4799 1398 4858 189

65 4900 137 4974 (VI,
154 4901 303 4972 1980,10.
323 4903 412 4976 1981,
426 4903 457 4980 3)
464 4924 472 4975 ;
489 4915 554 4962 ater
569 4923 595 4960 a.
612 4903 669 4962 178
685 4903 783 4960 fasces
800 4902 935 4974 tenuerit,
951 4903 1081 4962 dubitari
1096 4912 1203 4980 potest,
1218 4919 1399 4978 quamquam

64 5021 248 5080 praenomen
267 5003 359 5081 priori
380 5004 469 5062 iavet.
488 5037 530 5048 -
548 5002 701 5081 Collegam
718 5003 816 5076 Orfiti,
839 5023 927 5080 queat
947 5003 1133 5082 Borghesius
1150 5004 1184 5080 (l.
1199 5003 1238 5078 c.)
1255 5003 1401 5060 iudicarat

63 5105 158 5163 luisse
174 5103 212 5178 Q
228 5104 366 5164 Tineium
384 5105 507 5178 Rufum,
528 5107 586 5166 iam
605 5104 805 5182 intellegimus
824 5107 918 5164 fuisse
933 5106 968 5163 P.
983 5105 1026 5182 (7)
1038 5105 1156 5164 Veliam
1171 5104 1290 5176 Rasum,
1310 5123 1397 5180 quem

62 5227 89 5265 c.
110 5225 138 5264 a.
158 5207 217 5264 183
239 5204 421 5267 Commodus
443 5208 552 5268 oceidit
573 5207 649 5283 (vita
670 5227 694 5268 c.
715 5209 749 5265 4:
772 5209 917 5284 interfecta
939 5217 966 5266 et
986 5209 1116 5267 Vitrasia
1139 5207 1280 5266 Faustina
1301 5217 1326 5264 et
1346 5205 1399 5266 Ve-

63 5309 120 5368 liae
143 5309 239 5388 Rufus
262 5318 288 5367 et
309 5309 455 5386 Epaatr‘ac
481 5311 581 5388 Capito
604 5309 793 5388 consulare-a).
