3532 5964
132 647 210 696 ee-sa
722 648 875 698 acuam.
1414 625 1463 694 45

131 817 173 876 82
194 820 224 876 in
246 820 382 878 frustnlo
404 820 483 897 quod
506 819 688 896 pertinuisse
711 820 827 878 videtur
849 820 885 877 ad
909 820 1119 878 vestimentum
1142 827 1260 876 statuae
1277 835 1393 888 aereae,
1416 816 1464 874 lit-

166 921 236 979 teris
260 923 424 998 argenteis,
447 923 509 980 lsto
532 941 569 980 m.
586 921 669 994 0.06,
692 924 753 981 alto
776 942 814 980 m.
830 921 932 994 0.025,
955 940 1059 981 crasso
1075 941 1113 980 m.
1130 921 1231 980 0.005.
1264 919 1340 997 Rep.
1358 918 1462 996 Olym-

166 1023 231 1098 piae
257 1023 288 1082 6.
307 1023 385 1084 Nor.
405 1025 482 1084 1877
507 1025 546 1083 ab
569 1025 641 1083 aede
665 1025 747 1084 Iovis
770 1026 847 1084 inter
868 1025 1020 1084 meridiem
1044 1033 1074 1084 et
1095 1024 1248 1083 orientem.

128 1495 160 1552 R.
175 1497 256 1555 weil
283 1498 446 1574 descripsit
467 1509 497 1556 et
518 1499 607 1557 misit.

131 1661 286 1674 ⁸——

128 1763 168 1823 83
190 1767 220 1824 in
244 1769 415 1844 fragmento
439 1771 557 1828 tabulae
581 1789 685 1829 aereae
700 1771 762 1828 lato
777 1791 815 1828 m.
829 1769 910 1842 0.09‚
934 1769 995 1827 alto
1011 1789 1050 1827 m.
1063 1769 1144 1839 0.10,
1167 1785 1267 1826 crasso
1284 1787 1321 1825 m.
1335 1767 1459 1825 0.0035.

164 1867 328 1948 Olympiae
351 1893 413 1950 rep.
437 1881 506 1930 ante
530 1873 634 1930 aedem
657 1871 740 1931 Iovis
763 1871 800 1930 ad
823 1873 1015 1930 occidentem.

812 2141 818 2180 Ι

772 2243 817 2282 [Ν

126 2411 159 2469 R.
175 2414 257 2474 Weil
281 2417 440 2494 descripsit
463 2427 493 2475 et
515 2419 604 2476 misit.

289 2955 432 3015 DYMet
456 2955 703 3033 (Kato-Achaia)
727 2957 859 3016 Achaiae
881 2957 953 3034 (ins.
975 2963 1043 3035 post
1064 2975 1089 3014 c.
1102 2955 1162 3014 VII
1185 2975 1212 3032 p.
1229 2955 1293 3032 98).

133 3189 176 3251 84
203 3197 320 3256 duobus
348 3199 494 3275 exemplis
516 3217 554 3256 ex
582 3197 678 3276 lapide
706 3199 841 3258 calcareo
868 3199 951 3270 elbo,
978 3215 1104 3273 quorum
1128 3197 1160 3255 id
1182 3199 1262 3272 quod
1282 3215 1455 3274 repraesen-

169 3299 296 3357 tavimus
320 3301 413 3358 altum
436 3310 483 3358 est
504 3321 542 3360 m.
558 3300 646 3372 Offl,
673 3301 766 3360 latum
788 3299 873 3372 0.40,
896 3301 1021 3358 alterum
1045 3301 1137 3358 altum
1157 3299 1238 3371 0.71‚
1261 3301 1354 3358 latum
1373 3299 1454 3358 Odi.

167 3397 399 3472 Kato-Achaia,
424 3404 472 3462 ubi
494 3403 586 3481 vulgo
609 3403 724 3462 Olenus
746 3404 838 3462 fuisse
860 3403 999 3476 creditur,
1023 3403 1076 3460 sed
1099 3402 1217 3480 Dymen
1240 3403 1339 3480 potius
1361 3403 1455 3460 fuisse

166 3500 307 3562 Duhnins
334 3515 436 3564 censet
462 3505 515 3582 (ef.
538 3506 633 3566 Mittit.
657 3509 705 3566 des
731 3508 811 3566 ared.
835 3505 963 3565 Iertae
985 3503 1109 3564 Artena
1134 3524 1162 3582 p.
1178 3504 1247 3581 75),
1274 3505 1305 3563 in
1332 3504 1454 3563 aedibus

168 3601 320 3665 Leonidae
340 3606 470 3686 Xingee.

369 3913 648 3976 AVGVSTAE
874 3936 899 3974 u.
924 3917 942 3974 l.
966 3917 1083 3992 erempli
1105 3915 1239 3974 alterius:

400 4033 510 4077 verrem
526 4049 533 4064 ·
552 4035 664 4078 secav-

370 4137 510 4179 rvuvrura
533 4152 540 4165 ·
564 4139 679 4180 uerene
914 4137 992 4178 treus
1014 4141 1068 4198 pro
1092 4137 1206 4178 aeneus

401 4224 648 4282 saceeuoselvs
959 4240 1022 4281 srvs

327 4344 339 4381 ⁵
437 4325 605 4384 D·S·P·'F

133 4623 177 4686 Iul.
192 4629 311 4687 Martha
332 4597 462 4688 Bulldtia
484 4631 518 4688 de
539 4649 611 4688 corr.
635 4630 824 4706 ielldeique2
845 4629 955 4707 (1878)
979 4629 1098 4707 p.100;
1120 4629 1342 4704 descripserunt
1364 4627 1399 4686 F.
1416 4628 1452 4685 de

133 4724 213 4787 Duhn
236 4731 289 4806 (cs.
313 4731 409 4790 Mirer.
433 4733 482 4790 des
503 4734 581 4792 arch.
604 4733 676 4792 Inst.
697 4753 733 4790 au
754 4733 848 4791 Athea
867 4733 883 4790 3
908 4753 936 4809 p.
954 4733 1007 4810 74)
1030 4741 1059 4790 et
1080 4732 1116 4791 R.
1133 4732 1223 4790 Weil.

166 4835 300 4892 Alterum
328 4833 497 4911 exemplum
524 4845 645 4910 propter
672 4855 801 4894 errorem
828 4835 890 4893 v.3
918 4836 1080 4895 admissum
1108 4837 1247 4893 reiectum
1275 4855 1341 4895 esse
1369 4837 1450 4894 vide-

132 4943 179 4995 tur.
198 4969 236 4978 -
264 4939 402 5013 Augusta
421 4936 521 4995 Venus
548 4937 676 4996 fortasse
702 4959 760 4996 non
786 4946 847 4996 tam
867 4938 970 4997 Venus
998 4949 1045 4998 est
1069 4957 1157 5014 quam
1183 4941 1323 5015 Augusta
1349 4939 1451 5014 eliqua

131 5027 170 5094 re'a
188 5029 359 5120 Ἀφροδίτῃ
385 5039 549 5116 comparari
571 5048 672 5117 potest
697 5039 781 5098 Ceres
803 5041 883 5098 Iulia
905 5041 1039 5116 Aupurtu
1062 5042 1121 5098 dici
1142 5039 1266 5116 Aupusti
1286 5042 1349 5099 noti
1371 5043 1449 5100 tituli

131 5136 276 5198 Gaulitani
301 5139 394 5200 Oreii.
411 5139 481 5211 618,
504 5159 581 5216 quae
603 5153 649 5200 est
670 5143 738 5218 ipsa
759 5142 855 5201 Livia.
893 5141 1033 5202 Ceterum
1055 5161 1127 5201 csve
1148 5142 1252 5200 credas
1275 5151 1307 5200 ut
1329 5143 1359 5200 in
1382 5162 1449 5218 pro-

15 5303 16 5309 *
131 5242 227 5300 rinciis
256 5243 404 5301 eiusmodi
432 5244 564 5302 sacraria
592 5246 825 5318 instituerentur,
855 5247 1079 5304 consecratione
1108 5245 1229 5320 publica
1257 5245 1359 5322 populi
1385 5245 1449 5304 Ro·

131 5345 201 5408 nani
222 5363 300 5422 opus
321 5345 424 5405 fuisse.
