3394 5976
69 635 182 687 ric-ue
574 631 658 686 von.
672 633 713 686 vr
734 633 843 686 ruer.
857 633 883 684 1.
1320 611 1393 683 265

71 807 136 868 740
158 827 187 866 n.
201 807 261 868 385
284 808 359 867 vidit
378 809 409 867 in
430 807 575 886 impluvio
598 807 715 867 aedium
737 808 854 885 collegii
876 807 1089 886 propagandae
1111 805 1180 865 fidei
1203 805 1302 865 denuo
1321 805 1396 864 Bor·

104 929 207 984 mann,
235 910 271 972 cf.
301 911 369 971 cult.
394 909 461 970 deil'
484 915 548 970 inst.
575 909 654 970 1879
676 930 705 988 p.
723 909 774 969 40.
818 911 896 970 Post
917 927 1036 970 versum
1062 918 1201 969 octavam
1223 925 1329 970 erasus
1352 917 1398 966 est

103 1012 261 1091 diligenter
282 1031 388 1074 versus
409 1031 498 1087 unas,
520 1031 608 1091 quem
631 1020 745 1074 certum
768 1023 816 1073 est
836 1013 932 1074 inisse
953 1013 1017 1073 sere
1038 1013 1130 1072 hunc:

447 1191 510 1232 cam
532 1191 575 1233 cu.
598 1172 749 1250 calpurnio
768 1175 871 1249 pisone
892 1173 1008 1250 coalcpc

65 1327 130 1388 Piso
157 1347 226 1389 cum
252 1349 280 1389 a.
298 1329 338 1388 20
366 1329 446 1408 apud
469 1339 605 1390 senatum
626 1337 787 1390 accusatas
809 1330 866 1390 sibi
887 1339 1013 1390 mortem
1036 1327 1249 1402 conmisisset,
1271 1327 1396 1388 Tacitus

67 1433 253 1506 anu.3,17.
276 1432 313 1491 18
343 1441 445 1492 narrat
471 1433 628 1494 Aurelium
650 1430 769 1494 Cottam
798 1433 952 1493 consulem
980 1432 1134 1492 censuisse
1162 1450 1261 1491 comen
1281 1431 1396 1490 Pisonis

65 1535 217 1594 rodendum
238 1537 345 1610 sactis,
376 1536 428 1595 sed
456 1535 611 1596 Tiberium
636 1536 681 1594 ita
708 1536 885 1596 sententiam
915 1535 1071 1613 mitigasse
1097 1554 1132 1594 ce
1156 1554 1255 1594 nomm
1280 1534 1396 1594 Pisonis

60 1639 142 1710 lastis
165 1641 343 1697 aimanor.
386 1637 453 1699 Nec
480 1648 579 1698 tamen
605 1639 712 1698 mirum
738 1656 846 1697 nomen
868 1656 987 1698 erasnm
1008 1655 1077 1698 esse
1098 1637 1130 1698 in
1150 1637 1297 1696 eiusmodi
1318 1637 1395 1709 basi,

66 1758 136 1817 quae
161 1749 388 1802 monumentum
417 1748 498 1802 esset
522 1741 660 1802 ludorum
687 1761 724 1800 ex
751 1749 876 1802 senatus
903 1741 1042 1802 consulto
1068 1760 1124 1819 pro
1145 1741 1244 1801 redita
1267 1739 1396 1818 Augusti

67 1845 99 1901 ab
118 1845 185 1922 ipso
207 1843 334 1904 Tiberio
355 1843 513 1904 faotonrm.

68 2050 124 2112 741
154 2055 356 2133 fragmentum
389 2056 524 2134 epistylii
555 2057 714 2117 marmorei
743 2056 907 2117 adhibitum
940 2056 1052 2116 liminis
1085 2057 1181 2116 instar
1207 2055 1394 2133 pedibusque

101 2158 251 2233 attritum,
282 2158 424 2219 effossum
452 2159 502 2220 via
527 2159 682 2220 Merulana
708 2177 803 2238 prope
832 2159 930 2219 aulam
957 2161 1068 2238 pictam
1095 2159 1250 2218 hortorum
1275 2158 1392 2218 Maece·

101 2260 187 2320 natis.

560 2363 864 2408 *TWT’STMM

533 2474 583 2511 asoto
605 2462 762 2512 SVSCEPTO
785 2463 921 2510 sstsvcvs

69 2613 182 2676 Fiorelli
203 2619 309 2676 actim
333 2616 411 2676 1877
434 2637 465 2695 p.
483 2619 556 2692 1113
578 2618 725 2679 Lanciani
747 2620 816 2678 butt.
839 2619 918 2678 arcii.
940 2620 1075 2695 municip.
1101 2617 1179 2676 1877
1202 2634 1232 2694 p.
1249 2617 1277 2675 7.

71 2823 132 2884 742
152 2827 355 2906 fragmentum
375 2829 498 2889 tabulae
519 2849 705 2890 marmoreae
726 2831 870 2890 effossum
890 2831 921 2888 in
936 2829 1024 2888 horto
1039 2789 1204 2886 conventus
1220 2821 1251 2885 S.
1268 2823 1391 2884 Eusebii

102 2927 198 2990 nuuc.
244 2929 334 2990 Nunc
356 2941 493 2993 servatur
514 2933 546 2992 in
567 2931 718 3010 Capitolio
740 2933 772 2992 in
792 2933 934 3011 repositis
955 2933 987 2992 in
1007 2929 1166 2990 tabulario.

435 3113 455 3151 a
917 3091 934 3150 b

349 3197 380 3252 io
401 3195 544 3256 adversa:
794 3198 825 3254 ia
846 3211 950 3254 cuasa
970 3195 1071 3253 litteris

794 3301 887 3356 miuus
909 3299 1069 3358 accuratis:

371 3405 505 3462 mittito.

71 4415 228 4504 Descripsit
253 4425 299 4485 Io.
316 4421 462 4498 Schmidt,
490 4423 602 4483 contuli
624 4431 772 4500 ectypum.
815 4421 960 4482 Lanciani
987 4423 1067 4502 apud
1088 4423 1263 4485 Fiorellium
1289 4427 1390 4486 notizie

74 4523 141 4584 1877
163 4548 192 4606 p.
209 4527 281 4602 266,
303 4528 373 4587 butt.
397 4528 474 4587 arcii.
499 4546 606 4586 comae.
631 4524 712 4584 1877
732 4545 762 4603 p.
781 4525 849 4585 163.
868 4525 937 4586 164.

105 4647 123 4686 a
144 4631 213 4692 1.7.
231 4629 249 4690 8
272 4630 389 4710 scalpro
410 4629 498 4690 erasi.
516 4663 554 4672 —
577 4630 593 4687 b
610 4627 638 4690 6.
656 4627 673 4685 7
697 4627 848 4706 supplevit
864 4627 1041 4703 Mommsen,
1063 4637 1162 4706 potest
1181 4629 1276 4692 fuisse
1298 4633 1388 4692 etiam

70 4745 117 4801 pro
137 4733 234 4794 colcu.

75 4931 135 4997 tta
155 4941 184 5002 iu
205 4945 318 5022 saeptis
339 4945 469 5006 tributis.

634 5045 642 5088 ι
655 5061 662 5074 ·
675 5041 697 5089 0
711 5061 718 5074 ·
730 5045 756 5088 ru
768 5043 807 5088 ·o

634 5149 673 5190 ΕΤ
694 5162 701 5176 ·
724 5148 806 5192 SOU

634 5251 649 5294 S
660 5255 679 5294 Α
690 5251 709 5296 C
720 5250 772 5295 RV
784 5253 809 5294 Μ

78 5306 180 5377 Gudius
200 5336 254 5380 ms.
271 5317 342 5394 665,
359 5319 387 5393 5,
409 5319 456 5380 ed.
470 5317 500 5392 2,
516 5319 544 5379 9·
