3394 5976
373 537 446 612 228
950 559 1134 613 nounsan

457 734 564 811 Itaque
588 734 750 794 secundum
777 735 856 792 hunc
882 735 1000 793 titulum
1028 753 1146 812 quoque
1174 735 1204 792 in
1226 735 1347 793 cohorte
1368 737 1466 810 prima
1487 742 1611 813 quinque
1630 759 1677 795 con·

372 837 509 896 turinnes
532 838 661 909 fuerunt,
683 856 789 913 nempe
804 838 918 914 primus
935 839 1026 915 pilus,
1048 839 1197 915 princeps,
1221 839 1365 910 hastatus,
1388 839 1530 917 princeps
1549 842 1679 917 posterior,

372 940 508 998 hastatus
531 941 689 1016 posterior,
712 941 800 1000 iidem
824 949 922 998 autem
938 941 1069 1017 quinque
1092 941 1231 1018 optiones
1254 941 1470 1018 habuerunt1).
1517 940 1588 999 Cum
1609 943 1642 1000 ita
1658 944 1678 1000 io

371 1042 488 1117 legione
518 1043 712 1102 inveniantur
740 1043 834 1102 fuisse
857 1044 1074 1120 quinquaginta
1102 1062 1209 1101 norem
1234 1045 1423 1102 centuriones
1451 1043 1624 1119 totidemque
1643 1065 1678 1122 op·

372 1145 486 1216 tiones,
519 1146 550 1202 in
579 1146 632 1204 illo
662 1155 760 1204 autem
785 1146 931 1204 laterculo
958 1147 1116 1223 sexaginta
1143 1155 1285 1222 quattuor
1318 1147 1456 1223 optiones
1491 1165 1676 1205 enumerentur.

372 1247 488 1305 conicio
522 1248 659 1306 cohortes
685 1249 818 1325 reliquas
847 1267 936 1308 senos
963 1249 1152 1308 centuriones
1180 1265 1328 1324 senosque
1355 1248 1496 1326 optiones
1524 1249 1677 1319 habitan),

371 1350 485 1425 primae
511 1359 671 1426 postquam
699 1361 786 1409 aucta
808 1361 853 1410 est
880 1352 1011 1428 quinque
1038 1351 1228 1409 centuriones
1251 1351 1429 1427 praefuisse,
1458 1351 1587 1426 quinque
1609 1353 1676 1424 optio·

371 1469 439 1525 nes,
467 1457 599 1528 quinque
623 1453 788 1526 adiutoreS,
816 1474 884 1512 narn
911 1455 1017 1512 horum
1045 1471 1163 1530 quoque
1190 1453 1301 1510 mentio
1328 1453 1362 1510 fit
1387 1453 1417 1510 in
1447 1453 1537 1510 titulo
1563 1453 1595 1510 ad
1616 1455 1674 1510 resti·

373 1554 518 1612 tutionem
545 1555 677 1614 eiusdem
704 1556 843 1615 tabularii
871 1558 1037 1630 pertinente
1064 1553 1183 1633 (pati
1207 1555 1275 1612 adn.
1300 1554 1347 1630 3),
1385 1573 1483 1632 neque
1517 1556 1672 1632 incongruun

371 1665 418 1715 est
444 1657 595 1717 adiutores
622 1676 675 1716 eos
702 1659 780 1716 inter
805 1656 928 1716 LXIIII
956 1659 1092 1734 optiones
1116 1658 1276 1716 numerari.
1303 1689 1341 1700 -
1365 1657 1413 1715 Ex
1446 1659 1580 1734 quinque
1606 1674 1669 1714 ceutr-

371 1759 505 1817 rionibus
533 1760 667 1818 cohortis
693 1761 806 1837 primae
834 1759 961 1838 Vegetio
993 1761 1105 1839 primus
1137 1771 1184 1819 est
1215 1763 1339 1820 centurio
1363 1763 1454 1837 primi
1478 1763 1552 1836 pili,
1578 1759 1684 1838 praeiet-p

372 1869 419 1920 tus
447 1863 619 1922 hominibus
643 1861 761 1936 CCCC,
792 1863 869 1921 alter
893 1868 1005 1940 primos
1036 1865 1167 1922 hastatus
1199 1865 1390 1939 praepositus
1424 1863 1570 1934 ducentis,
1600 1868 1662 1920 tenio

372 1971 555 2040 quartusque
584 1966 761 2042 princeps³>
798 1977 828 2024 et
860 1967 999 2025 secundos
1032 1967 1163 2024 frustatus
1195 1965 1337 2042 praefecti
1370 1966 1546 2024 hominibus
1578 1943 1684 2022 centens

372 2067 606 2144 quinquagenis;
635 2069 771 2145 quintus,
800 2069 851 2144 qui
879 2069 1003 2140 excidit,
1034 2086 1156 2127 necesse
1183 2079 1229 2126 est
1256 2068 1347 2126 fuerit
1373 2069 1517 2126 secundos
1536 2067 1670 2144 princeps‘)

372 2188 478 2246 regens
505 2171 641 2229 homines
671 2181 800 2229 centurn.
845 2171 880 2228 In
909 2190 968 2246 qua
1001 2170 1224 2228 enumeratione
1248 2169 1393 2246 Vegetius
1427 2190 1497 2228 cum
1532 2170 1611 2228 solito
1635 2167 1671 2224 sihi

371 2290 471 2331 errore
500 2273 666 2350 veriloquio
699 2273 835 2332 vocabuli
863 2275 1004 2348 deceptus
1038 2274 1189 2331 hastatum
1223 2273 1349 2350 principi
1384 2271 1626 2348 praeposueritli.
1650 2289 1672 2324 ot

373 2395 474 2434 errore
500 2377 658 2434 emendato
685 2377 800 2452 primae
827 2376 942 2432 cohorti
969 2376 1163 2452 praefuerunt
1189 2377 1304 2452 primus
1330 2375 1411 2452 pilus
1440 2372 1550 2434 CCCC
1574 2373 1672 2430 homino

373 2497 497 2555 regens,
524 2479 664 2556 princeps
692 2477 758 2548 CC,
787 2479 926 2536 hastatus
953 2477 1065 2554 primus
1087 2487 1117 2536 et
1138 2479 1278 2554 princeps
1305 2479 1458 2553 posterior·
1482 2476 1548 2548 CL,
1572 2477 1671 2534 hastato.-

372 2579 579 2658 posteriorc,
602 2581 633 2638 id
655 2583 735 2658 quod
756 2581 845 2658 plane
868 2581 1008 2638 convenit
1029 2600 1094 2638 oum
1117 2580 1202 2638 titulo
1225 2580 1471 2639 Lambaesitano.

455 2684 552 2742 Porro
585 2683 740 2742 rideamus
775 2685 964 2741 centuriones
1002 2701 1107 2740 norem
1140 2691 1171 2739 ct
1207 2683 1437 2760 quinquaginta,
1477 2691 1550 2758 quot
1577 2682 1670 2738 fortasse

373 2787 442 2844 inde
470 2787 507 2844 ab
536 2781 733 2863 Augustol),
760 2794 837 2845 certe
865 2786 933 2844 inde
961 2787 998 2844 ab
1027 2785 1182 2844 Hadriano
1209 2785 1319 2864 legioni
1347 2785 1518 2863 praefuisse
1544 2783 1668 2842 docuimus.

372 2889 480 2964 quibus
518 2889 689 2948 nominihus
726 2888 859 2947 distincti
895 2888 1007 2946 fuerint
1039 2895 1068 2946 et
1099 2887 1247 2964 gradatim
1280 2889 1429 2964 quomodo
1465 2907 1499 2948 se
1530 2883 1666 2962 exceperint

372 3109 576 3122 -ιιιοι--ι-ι-ιι--ιι

451 3233 475 3297 ¹)
495 3235 544 3284 Hic
567 3251 687 3284 numerus
706 3241 839 3300 praeterea
865 3251 896 3284 eo
921 3237 1097 3296 confirmatur,
1122 3235 1192 3300 quod
1217 3241 1246 3284 ut
1269 3235 1324 3284 dixi
1354 3235 1469 3299 quinque
1494 3235 1601 3299 optiones
1619 3229 1665 3278 tritt

374 3327 442 3376 tituli
465 3329 492 3377 in
512 3329 592 3377 altero
612 3345 636 3378 n.
653 3328 724 3378 2554
743 3335 906 3378 recensentur
925 3335 984 3392 post
1003 3329 1114 3392 quinquo
1134 3329 1240 3390 primos.
1274 3327 1386 3378 Omnino
1406 3329 1477 3377 tituli
1497 3344 1522 3378 n.
1537 3327 1605 3377 2554.
1621 3317 1666 3370 ‘2555

373 3419 461 3484 scripti
480 3426 539 3469 sunt
557 3422 631 3470 annis
651 3421 750 3470 duobus
770 3421 906 3482 continuis,
928 3427 1114 3484 tenueruntque
1132 3435 1222 3470 corum
1241 3435 1367 3470 annornm
1385 3421 1474 3485 priore
1494 3423 1596 3486 quinque
1611 3416 1625 3463 ii
1638 3413 1666 3459 ho

373 3512 464 3572 mines,
486 3513 529 3576 qui
548 3513 624 3578 primi
644 3521 703 3564 sunt
722 3514 749 3563 in
768 3514 891 3563 laterculo
912 3529 936 3562 n.
953 3513 1033 3574 2554,
1060 3514 1169 3563 cundem
1195 3514 1289 3575 locum,
1315 3529 1390 3578 quem
1416 3521 1478 3578 post
1497 3527 1585 3564 annum
1603 3507 1665 3556 babis

372 3611 432 3653 runt
451 3605 563 3670 quinque
582 3605 699 3656 homiues
718 3607 744 3656 iu
763 3606 889 3656 laterculo
909 3606 954 3654 illo
975 3607 1093 3670 proxime
1113 3605 1306 3672 subsequentes.

450 3695 474 3756 ²)
495 3699 617 3762 vegetius
637 3699 740 3764 quidem
760 3699 852 3763 quinos
872 3699 1035 3749 centuriones
1054 3699 1172 3748 omnibus
1193 3698 1341 3748 cohortibus
1361 3699 1494 3759 adscribit,
1520 3697 1562 3748 scd
1579 3696 1601 3744 in
1616 3701 1666 3742 esd

375 3797 399 3837 et
418 3791 472 3854 ipse
492 3791 541 3840 sibi
561 3792 704 3840 contrarius
724 3797 769 3852 est,
797 3807 853 3840 cum
873 3793 968 3856 legioni
989 3792 1078 3840 decem
1099 3791 1244 3840 cohortium
1263 3791 1424 3840 centuriones
1444 3791 1490 3840 det
1508 3790 1553 3840 LV
1570 3788 1602 3850 (2,
1614 3785 1625 3830 S
1639 3783 1666 3830 fu.

374 3899 396 3930 c.
418 3883 465 3945 253
491 3891 581 3933 contra
605 3885 631 3932 in
657 3884 849 3948 computatione
874 3885 983 3948 legionis
1011 3886 1034 3945 2,
1057 3883 1073 3931 6
1098 3886 1261 3934 centuriones
1286 3885 1373 3933 insunt
1402 3890 1502 3932 tantum
1526 3881 1595 3932 modo
1611 3877 1635 3926 hl
1652 3885 1666 3916 ‘³

374 3975 450 4024 certia
469 3977 622 4026 testimoniis
642 3977 773 4038 refellitur,
801 3977 951 4040 praesertim
971 3977 1045 4026 titulo
1071 3975 1140 4026 iufra
1158 3993 1183 4042 p.
1200 3977 1252 4026 236
1273 3993 1298 4026 n.
1314 3977 1346 4026 51
1367 3976 1475 4026 laudato
1494 3977 1538 4042 pili
1556 3965 1666 4038 posteriori

374 4066 487 4116 cohortis
511 4077 625 4134 quartae.
663 4069 713 4118 Hic
738 4070 807 4118 enim
831 4075 856 4118 et
875 4069 1088 4119 Lambaesitanus
1114 4085 1191 4134 supra
1215 4069 1310 4118 relatus
1335 4071 1402 4118 inter
1421 4085 1447 4118 se
1468 4063 1665 4119 colludendum

374 4159 513 4210 ostendunt
531 4161 611 4226 pilum
630 4162 801 4226 posteriorem
820 4162 918 4210 nullum
937 4161 1016 4211 fuisse
1036 4161 1063 4211 in
1083 4161 1189 4211 cohorte
1209 4163 1300 4226 prima,
1320 4161 1401 4213 fuisse
1420 4163 1448 4212 in
1468 4159 1576 4226 reliquis.

449 4249 474 4304 ³)
495 4253 698 4318 Interpolatione
718 4255 873 4303 deteriorum
893 4253 1017 4303 librorum
1038 4255 1060 4304 is
1080 4255 1161 4304 evasit
1177 4253 1297 4320 princeps
1316 4253 1444 4304 secundus.

450 4341 475 4406 ⁴)
495 4345 584 4410 Inepte
604 4347 773 4412 interpolator
792 4347 846 4396 eius
866 4347 923 4396 loeo
943 4347 1050 4396 inscruit
1070 4347 1187 4396 trioriunt
1200 4347 1322 4414 priorem,
1343 4349 1387 4412 qui
1406 4347 1490 4397 nullus
1509 4355 1614 4409 umquam
1629 4335 1666 4384 frit.

375 4436 557 4488 Centurionem
582 4439 626 4503 qui
650 4440 746 4488 cncidit
770 4439 827 4489 loco
853 4439 969 4504 quintum
994 4441 1073 4490 fuisse
1098 4441 1159 4490 inde
1177 4439 1340 4490 manifestum
1366 4448 1417 4502 est,
1451 4440 1520 4506 qnod
1542 4437 1580 4502 qui
1600 4434 1667 4482 restant

374 4529 468 4580 milites
488 4536 588 4580 centnm
607 4531 697 4581 infimo
718 4539 817 4581 tantum
836 4532 892 4581 dari
911 4539 1057 4596 potuerunt.

450 4620 474 4683 ⁸)
495 4623 535 4672 Cf.
555 4625 621 4673 inter
641 4626 692 4674 alio
714 4627 736 4684 1,
754 4626 800 4674 20:
825 4625 852 4673 in
875 4625 960 4691 primo
983 4627 1037 4675 acie
1055 4633 1200 4692 pregnantes
1216 4627 1354 4695 principes,
1379 4626 1406 4675 in
1427 4623 1535 4675 secundo
1553 4615 1635 4670 luetati,

374 4715 450 4764 tertio
469 4716 559 4764 triarii
576 4715 741 4766 vocabantur.
780 4719 871 4782 Itaque
896 4733 947 4767 non
967 4719 1119 4782 plandemns
1139 4720 1214 4770 docto
1240 4720 1358 4783 scriptori
1385 4719 1506 4768 historiae
1529 4715 1562 4765 rei
1580 4704 1665 4761 utlinro

373 4807 443 4871 apud
465 4807 596 4860 Romanos
620 4825 644 4874 p.
661 4809 694 4860 88
720 4809 768 4859 hoc
794 4817 881 4859 nostro
906 4811 963 4860 loco
989 4829 1035 4876 pro
1060 4820 1164 4862 auctore
1189 4813 1309 4862 librarios
1333 4811 1474 4872 incusanti,
1500 4811 1664 4874 praetereare*

374 4901 464 4950 triario
487 4902 573 4966 priore
598 4917 660 4952 sane
684 4903 772 4968 inepto
798 4903 960 4952 substituenti
979 4921 1031 4955 non
1050 4908 1133 4970 magis
1154 4913 1242 4970 aptum
1262 4906 1440 4970 posteriorem.
1475 4901 1550 4966 Apud
1567 4901 1663 4946 nuenton

373 5008 448 5058 quem
478 4995 626 5059 compilavit
653 4997 775 5060 vegetius
803 5011 890 5044 verum
917 4997 1043 5046 invenerit
1070 5013 1175 5046 necesse
1203 5007 1250 5060 est,
1280 5013 1337 5046 cum
1367 4998 1421 5062 ipsc
1448 4995 1498 5045 sibi
1524 4985 1664 5043 contradicts-⁸·

373 5085 464 5136 eodem
484 5089 566 5152 capite
584 5095 652 5139 recte
671 5090 767 5138 scribat
786 5089 896 5152 primum
917 5089 998 5154 pilum
1017 5091 1163 5154 promoueri
1183 5091 1265 5140 solere
1279 5105 1310 5139 ex
1330 5091 1413 5154 primo
1434 5089 1543 5154 principe
1561 5075 1650 5145 legionis

450 5176 474 5240 ⁶)
495 5180 563 5230 Nam
582 5182 650 5246 quod
671 5184 707 5231 ita
725 5181 878 5231 sumendum
899 5189 937 5231 est
955 5183 1074 5232 Tacitum
1095 5183 1228 5248 sexaginta
1248 5183 1410 5233 centuriones
1433 5177 1525 5245 legioni
1544 5170 1662 5226 ‘ribertus

373 5270 500 5335 tribuisse,
521 5289 578 5322 eum
598 5289 656 5324 rere
677 5281 761 5324 esseut
781 5291 832 5324 uno
852 5276 945 5337 minus,
965 5291 1017 5325 non
1038 5291 1194 5341 magnopere
1214 5277 1306 5326 obstat.
