3532 5964
379 650 426 722 36
820 673 1094 726 nourruuanra
1120 673 1265 724 voum
1624 675 1715 724 sess

379 843 450 919 imp.
472 843 558 903 Rom.
579 846 648 904 trib.
669 845 757 904 discr.
777 865 806 922 p.
825 847 884 904 150
906 857 936 906 et
957 866 1012 924 ego
1035 846 1289 924 c.111p.1167,
1315 846 1458 904 accedunt
1480 856 1550 917 tres,
1572 849 1624 922 qui
1647 867 1718 922 per-

379 948 476 1006 tinent
491 947 527 1004 ad
544 947 653 1006 Adana
667 948 791 1023 (Renier
806 949 865 1008 798
880 976 916 999 =
930 948 964 1009 C.
982 949 1069 1022 VIII,
1086 949 1192 1025 3159),
1215 948 1406 1007 Antiochiam
1422 948 1514 1025 (Eph.
1530 949 1561 1006 11
1581 969 1610 1026 p.
1624 948 1717 1023 459),

380 1049 515 1108 Iconium
542 1049 659 1124 (titulus
685 1050 925 1128 Brigetioneusis
952 1052 1033 1110 infra
1059 1051 1183 1127 editus).
1227 1050 1367 1110 Urbanas
1397 1061 1496 1110 autem
1523 1051 1619 1108 tribus
1648 1070 1718 1108 cum

380 1151 531 1210 territoria
552 1162 639 1210 extra
660 1153 762 1212 urbem
784 1155 867 1212 nullo
890 1163 1022 1232 tempore
1044 1154 1324 1231 comprehenderint
1349 1157 1482 1230 exceptis
1505 1152 1620 1212 scilicet
1642 1153 1721 1210 duo-

381 1255 437 1312 bus
459 1255 604 1330 portubus
627 1255 708 1314 urbis
732 1255 828 1314 Ostiis
851 1265 881 1314 et
901 1257 1037 1315 Puteolis
1060 1257 1220 1332 adscriptis
1242 1256 1412 1328 Palatinae,
1438 1273 1497 1314 non
1520 1256 1585 1314 sine
1607 1254 1722 1313 idonea

382 1374 475 1414 causa
500 1357 596 1416 tribus
624 1359 697 1416 haec
719 1359 850 1416 omnium
872 1359 975 1416 infima
996 1361 1027 1417 in
1049 1359 1183 1436 partibus
1204 1359 1266 1417 illis
1289 1369 1403 1436 regnat.
1447 1358 1595 1434 Equidem
1621 1359 1721 1416 credi-

381 1457 474 1517 derim
502 1479 556 1536 per
589 1460 711 1537 aliquod
743 1471 861 1537 tempus
890 1462 1025 1522 homines
1055 1481 1092 1519 ex
1122 1461 1245 1520 Oriente
1277 1461 1421 1519 oriundos
1453 1461 1563 1518 viritim
1594 1461 1722 1518 civitate

381 1561 507 1618 donatos
530 1561 567 1620 ad
587 1563 757 1641 exemplum
778 1564 947 1639 spuriorum
970 1566 1000 1622 in
1016 1563 1165 1623 Collinam
1184 1565 1292 1622 tribum
1313 1563 1423 1620 relatos
1445 1580 1522 1634 esse,
1544 1562 1603 1620 nisi
1626 1573 1721 1620 aucto

381 1663 537 1740 privilegio
567 1673 652 1723 extra
679 1666 813 1724 ordinem
842 1667 879 1724 ad
906 1669 1048 1726 rusticam
1078 1667 1311 1725 admitterentur.
1361 1665 1396 1723 Id
1425 1684 1497 1723 vero
1525 1665 1574 1724 ubi
1603 1664 1721 1722 sactum

381 1773 437 1838 est,
464 1767 638 1844 plerumque
664 1769 853 1846 reperiuntur
879 1769 917 1828 ad
944 1767 1101 1842 Quirinam
1130 1769 1254 1827 admissi
1282 1785 1360 1839 esse,
1387 1768 1517 1826 fortasse
1550 1787 1589 1825 ex
1622 1785 1721 1824 causa

382 1869 487 1954 simili3
522 1889 590 1928 nam
617 1889 796 1948 quamquam
823 1873 853 1930 in
880 1872 983 1930 ordine
1009 1873 1138 1930 tribuum
1167 1879 1290 1948 propter
1316 1889 1437 1929 causam
1465 1869 1552 1928 nobis
1580 1870 1721 1947 ignotam

382 1972 540 2030 Arniensis
564 1979 699 2031 extrema
721 1973 778 2032 fuit
799 1972 920 2050 (Cicero
935 1972 972 2032 de
987 1971 1013 2032 ι1.
1030 1973 1096 2052 agri
1110 1973 1138 2046 2,
1157 1973 1221 2048 29),
1245 1973 1409 2031 novissIma
1430 1973 1561 2031 omnium
1585 1969 1722 2044 Quirina

381 2073 518 2132 instituta
540 2083 595 2147 est,
624 2084 658 2133 ut
684 2077 757 2134 baec
784 2079 816 2134 iu
846 2077 965 2134 rusticis
987 2075 1208 2150 quodammodo
1230 2076 1358 2134 eundem
1383 2075 1481 2133 locum
1505 2081 1605 2131 teneat
1628 2091 1721 2149 quem

382 2177 413 2232 iu
435 2177 556 2236 urbanis
572 2176 701 2236 Collina.
736 2178 868 2237 Omnino
891 2179 921 2236 in
945 2179 1121 2254 quaestione
1143 2179 1199 2236 hac
1220 2179 1367 2236 tribuaria
1388 2195 1446 2234 non
1470 2177 1546 2234 satis
1561 2177 1619 2234 viri
1636 2176 1721 2232 docti

381 2289 580 2354 respexerunt
602 2281 751 2338 ciritatem
766 2281 936 2340 Romanam
952 2281 1040 2338 modo
1062 2280 1311 2339 communicatam
1326 2297 1394 2338 esse
1416 2299 1483 2337 cum
1506 2279 1595 2337 rebus
1619 2279 1721 2355 publi·

383 2381 426 2438 cis
449 2399 527 2456 quae
548 2382 678 2454 suerunt,
701 2384 790 2441 modo
815 2383 925 2442 viritim
953 2383 1109 2452 donatam,
1140 2383 1219 2460 quod
1243 2383 1268 2441 si
1292 2383 1391 2452 tiebat,
1413 2400 1478 2440 cum
1501 2381 1598 2439 tribus
1620 2381 1721 2438 nihilo

382 2484 481 2542 miuus
497 2484 597 2542 danda
612 2492 701 2556 esset,
725 2485 797 2544 haec
812 2486 941 2544 hominis
958 2495 1030 2558 erat,
1054 2505 1113 2544 uon
1130 2463 1242 2562 oppidi.
1280 2485 1385 2561 Itaque
1400 2471 1560 2560 antequam
1576 2502 1615 2541 ex
1631 2483 1721 2541 titulo

383 2587 486 2662 quiet
512 2588 657 2663 orIgioem
679 2596 709 2646 et
735 2589 844 2646 tribum
871 2588 980 2647 habeat
1006 2588 1184 2665 colligamus
1214 2607 1276 2646 rem
1302 2587 1451 2664 publicam
1479 2605 1544 2644 eam
1570 2586 1597 2644 ei
1624 2585 1719 2643 tribui

382 2688 563 2766 adscriptam
580 2707 658 2762 esse,
679 2691 808 2767 primum
824 2691 1025 2766 quaerendum
1048 2701 1105 2762 est,
1127 2697 1223 2749 utrdm
1247 2692 1316 2766 ipsa
1337 2677 1523 2764 respublica
1542 2689 1573 2746 in
1596 2688 1720 2745 univer·

322 2779 324 2788 ¹
383 2809 449 2850 sum
472 2791 592 2850 civitate
607 2791 743 2851 Romana
757 2795 869 2852 donata
890 2794 931 2852 sit
952 2812 989 2850 an
1013 2793 1188 2871 singillatim
1211 2801 1328 2850 tantum
1348 2791 1483 2850 homines
1502 2789 1624 2866 quidam
1646 2790 1718 2847 inde

384 2894 564 2952 oriundi-
587 2892 776 2970 Cognomina
800 2895 957 2954 muliebria
982 2905 1041 2954 tam
1066 2895 1223 2954 Tatarium
1250 2913 1340 2970 quam
1362 2895 1492 2952 Murtuur
1521 2893 1721 2950 vocabularia

382 2995 502 3054 habent.
519 3029 557 3038 -
574 2997 592 3055 3
616 3013 972 3056 u2·r1rn·3rurna1vn
993 2999 1132 3056 traditur:
1157 3013 1184 3056 ο
1200 2997 1287 3072 algna
1302 3005 1387 3054 erunt
1400 2995 1660 3071 interpunctionis.
1681 3029 1719 3036 —

384 3098 469 3156 ofin.
493 3105 590 3156 utrum
621 3099 673 3176 qui
700 3099 821 3175 scripsit
842 3099 960 3159 titulum
983 3102 1091 3159 errarit
1111 3121 1149 3158 an
1171 3100 1223 3175 qui
1245 3098 1414 3174 descripsit,
1437 3117 1497 3156 non
1521 3097 1639 3156 definio.

386 3305 432 3366 57
454 3307 682 3384 Philadelphiae
703 3309 733 3366 in
756 3309 878 3368 aedibus
901 3309 1093 3386 Pantimoglu
1115 3309 1145 3366 in
1167 3309 1284 3386 angulo.

917 3491 955 3635 iffi
970 3561 976 3574 ·
992 3547 1061 3590 ΜΛΝ
1078 3546 1118 3590 OS
1133 3560 1140 3576 ·
1156 3484 1184 3632 Hi

384 3667 600 3748 Papadopulos
622 3669 712 3730 misit.

429 3771 534 3850 Os(so)
557 3771 616 3848 lt[ic
637 3776 696 3832 cito
718 3771 794 3850 eunt]
817 3771 935 3848 opinor.

782 4173 958 4238 SMYRNA
980 4173 1096 4252 Lydiae
1119 4173 1161 4253 (p.
1178 4175 1226 4234 78.
1243 4174 1326 4252 978).

386 4363 432 4426 58
464 4367 503 4425 ad
531 4385 560 4424 n.
581 4363 651 4424 416.
701 4365 845 4441 Repperit
877 4364 914 4423 0.
937 4363 1111 4422 Hirschfeld
1140 4367 1171 4421 in
1201 4362 1331 4439 episttda
1359 4381 1377 4419 a
1403 4363 1515 4418 barone
1545 4359 1620 4418 Tott
1649 4360 1723 4418 data

428 4489 455 4526 a.
474 4469 552 4526 1778
576 4468 614 4525 ad
636 4464 820 4543 Seguierium
844 4466 922 4543 (cod.
943 4464 1087 4524 Nemaus.
1114 4465 1237 4540 13816).
1261 4497 1298 4506 -
1328 4464 1345 4520 3
1370 4465 1593 4534 lhostoncv5‚
1620 4461 1639 4519 5
1664 4477 1723 4520 co·

427 4585 537 4628 conen
560 4567 643 4645 Sag„
666 4569 744 4644 apud
765 4588 853 4646 quem
877 4565 995 4628 Graeca
1016 4569 1134 4627 desunt.

388 4777 434 4836 tc
456 4797 527 4836 arca
549 4779 694 4855 Smyrnae
716 4780 747 4837 in
769 4781 892 4840 aedibus
913 4778 1100 4854 Leveutoglu
1123 4797 1216 4855 prope
1238 4778 1394 4836 ecclesiam
1418 4775 1522 4834 Sancti
1543 4775 1693 4833 Pastoris.

788 4952 942 4995 CORNELIA
1138 4951 1183 4992 PR!
1213 4977 1317 4993 .....

787 5053 941 5097 L·l.lClN10
1138 5053 1211 5096 viva
1232 5052 1317 5093 FECIT

788 5157 822 5199 ΕΤ
862 5156 942 5199 SVEIS

387 5282 427 5340 Α.
442 5280 656 5357 Papadopulos
678 5277 845 5338 Kerameus
868 5279 959 5337 misit.

429 5381 580 5443 Notabilis
602 5391 647 5441 est
669 5383 883 5461 orthographia
904 5380 1044 5442 archaice
1064 5379 1095 5438 in
1118 5381 1313 5457 sarcophago.
