3428 5970
570 628 935 693 vaunnanonvnova.
1343 613 1415 687 501

76 799 206 860 Prodiit
232 799 360 876 primum
387 801 418 859 in
445 801 512 878 eph.
539 801 652 862 Gazette
674 804 708 861 de
730 802 819 879 Liipe
843 803 889 862 17.
911 803 1000 862 Febr.
1024 805 1113 877 1881,
1144 824 1233 882 quam
1261 826 1320 866 non
1348 809 1418 882 vidi,

75 902 192 960 deiude
223 920 296 960 cura
320 899 568 962 Schnermannsii
599 903 630 962 11
661 905 727 982 eph.
759 905 950 965 Bruxellensi
980 906 1109 966 Ballete'n
1138 909 1186 968 des
1219 909 1418 972 commarca

75 1005 201 1081 rogales
224 1001 302 1062 d'art
323 1013 349 1062 11
370 1003 715 1082 111111111911111.20
738 1005 851 1083 (1881)
872 1027 901 1084 p.
921 1006 988 1068 123.

171 1207 205 1284 ¹)
238 1207 332 1266 Iidem
355 1207 484 1268 honores
506 1209 631 1269 redeunt
651 1211 683 1268 in
704 1211 771 1290 lege
792 1211 925 1272 eiusdem
945 1213 1015 1273 anui
1035 1213 1418 1291 1111111862111111.

170 1309 205 1386 ²)
237 1309 414 1386 Requiritur
435 1311 485 1368 ala
506 1311 610 1387 aliqua
630 1312 737 1389 prima,
759 1315 899 1389 quoniam
924 1315 1019 1374 altera
1032 1317 1130 1394 prima
1145 1317 1289 1394 sequitur,
1312 1335 1419 1378 nomeu

76 1414 202 1473 habens
222 1411 394 1489 bipertitum
414 1420 476 1471 tam
496 1433 515 1470 a
534 1414 646 1490 populo
666 1433 755 1491 quam
771 1415 876 1475 aduce
891 1417 1011 1478 ductum
1025 1417 1191 1477 litterarum
1207 1437 1231 1478 c.
1248 1419 1319 1492 XV,
1340 1421 1420 1478 deni-

77 1535 138 1592 que
166 1513 323 1592 appellata
348 1513 456 1572 civium
481 1513 696 1575 Romanorum.
743 1516 801 1576 His
827 1519 960 1578 numeris
986 1521 1124 1580 omnibus
1149 1539 1227 1598 quae
1253 1522 1421 1582 satisfaciat

76 1617 200 1676 nullam
222 1615 352 1692 repperi.

171 1718 203 1792 ³)
237 1717 327 1776 Redit
348 1718 378 1776 11
400 1718 533 1778 exercitu
555 1719 727 1780 Britannico
750 1741 777 1779 a.
797 1721 853 1779 105
877 1722 952 1797 (vol.
968 1723 1014 1781 III
1032 1742 1060 1799 p.
1074 1723 1133 1784 866
1154 1745 1182 1783 1.
1195 1724 1333 1801 XXIII).
1370 1725 1420 1784 Ex

79 1841 116 1880 ea
140 1829 318 1879 veteranum
344 1819 454 1893 fuisse,
487 1821 534 1879 cui
566 1822 621 1880 hoc
651 1822 838 1900 privilegium
868 1823 970 1882 datum
997 1826 1046 1898 sit,
1075 1826 1269 1903 probabiliter
1295 1828 1421 1886 coniecit

80 1925 323 1993 Schuermauus;
357 1921 441 1980 locas
473 1923 551 1980 enim
582 1923 611 1980 in
642 1943 702 1999 quo
736 1933 871 2002 repertus
904 1935 950 1984 est
983 1927 1054 1985 olim
1084 1927 1421 2005 Tungrorumvidetur

78 2028 193 2087 fuisse.
238 2023 369 2084 Omnino
391 2023 441 2099 qui
464 2024 495 2082 id
517 2026 697 2100 impetravit,
722 2045 783 2084 non
804 2027 835 2086 in
857 2027 1016 2087 Britannia
1037 2031 1158 2103 mansit,
1185 2031 1240 2090 sed
1261 2039 1331 2108 post
1352 2032 1420 2090 mis·

80 2129 200 2188 sionem
223 2125 344 2185 domum
366 2143 504 2185 reversus
527 2135 582 2186 est.

172 2228 204 2304 ⁴)
238 2227 286 2286 Ex
310 2227 483 2287 cohortibus
506 2245 572 2299 sex,
594 2229 632 2287 ad
648 2247 721 2305 quas
736 2229 924 2308 privilegium
947 2232 1100 2307 pertinuit,
1123 2240 1271 2309 quattuor,
1294 2253 1420 2311 quarum

79 2332 208 2390 nomina
229 2339 405 2405 supersunt,
431 2348 535 2389 omnes
561 2330 738 2390 redeuntia
760 2332 826 2410 lege
851 2333 964 2409 pariter
986 2335 1024 2392 ad
1046 2334 1233 2394 Britanniam
1255 2337 1421 2411 pertinente

80 2455 108 2492 a
130 2433 202 2504 124,
225 2433 386 2509 pleraeque
408 2431 528 2491 aliunde
550 2449 668 2508 quoquo
688 2433 759 2492 satis
776 2443 865 2492 notae
879 2443 957 2494 sunt.
992 2434 1167 2495 Desiderari
1182 2439 1309 2518 primam
1324 2446 1419 2516 patet;

80 2537 183 2595 altera
207 2553 286 2610 quae
311 2533 411 2592 deficit
436 2533 558 2592 dubium
586 2542 632 2593 est
653 2543 750 2594 utrum
772 2536 917 2595 exciderit
937 2545 1008 2614 post
1029 2537 1045 2596 I
1067 2537 1270 2614 Hispanorum
1292 2559 1330 2598 an
1352 2549 1422 2618 post

79 2635 346 2708 IVardullorum3
370 2635 499 2710 spatium
524 2643 650 2712 utroque
671 2637 738 2694 loco
761 2637 881 2709 sufficit,
903 2639 956 2697 sed
977 2640 1173 2715 posteriorem
1195 2657 1254 2696 non
1277 2640 1420 2699 habemus

81 2738 238 2816 quomodo
264 2737 438 2814 expleamus
467 2737 527 2795 nisi
558 2738 690 2797 cohortis
722 2739 866 2797 vocabulo
897 2740 1024 2810 inserto,
1056 2742 1155 2818 priore
1188 2741 1269 2798 aliud
1297 2741 1420 2818 aliquod

80 2841 266 2900 vocabulum
293 2839 331 2898 ad
355 2839 557 2915 Hispanorum
581 2847 682 2917 potest
707 2839 854 2899 adiectum
879 2841 988 2914 fuisse,
1015 2861 1194 2919 quamquam
1216 2843 1324 2902 cohors
1347 2844 1421 2903 haec

81 2945 115 3002 iu
137 2941 299 3002 Britannia
320 2941 377 3000 sub
399 2959 435 2999 eo
457 2941 576 3000 nomine
597 2942 663 3001 solo
685 2943 805 3020 saepius
826 2953 1014 3002 memoratur.

174 3043 204 3119 ⁵)
237 3043 286 3102 De
308 3042 345 3102 T.
369 3042 480 3102 Avidio
503 3040 612 3116 Quieto
639 3045 711 3102 haec
737 3045 834 3103 adhuc
859 3045 1061 3104 innotuerunt.
1110 3046 1299 3104 Praenomeu
1326 3065 1421 3122 nuper

82 3157 269 3223 aperuerunt
289 3144 408 3204 fistulae
431 3145 562 3203 urbanae
583 3145 680 3204 editae
703 3165 722 3204 1
743 3143 778 3206 (1.
800 3144 838 3205 L.
853 3147 1009 3206 Viscontio
1030 3147 1112 3206 Ball.
1135 3147 1213 3207 della
1231 3166 1327 3207 comm.
1341 3151 1419 3208 aret.

84 3251 119 3307 ca·
138 3249 232 3307 Romo
254 3249 272 3307 5
294 3247 378 3324 173
401 3255 430 3305 11
452 3266 470 3306 1
491 3247 657 3306 Lancianio
679 3249 709 3307 in
732 3249 852 3326 egregio
875 3250 1088 3308 commentario
1108 3249 1133 3307 te
1147 3267 1236 3326 acque
1250 3271 1264 3310 1
1277 3251 1321 3328 pli
1335 3271 1422 3328 aqua-

84 3347 284 3424 decerpam
309 3369 338 3408 1.
356 3349 395 3408 64
417 3367 445 3424 p.
463 3347 523 3406 240
544 3367 573 3406 1.
592 3350 660 3408 191.
705 3348 837 3427 Tegulac
862 3369 982 3428 quoque
1006 3351 1140 3411 eiusdem
1162 3351 1233 3422 viri,
1261 3353 1314 3411 sed
1335 3373 1420 3431 prae·

83 3451 209 3510 nomine
231 3460 365 3510 carentes
388 3451 579 3510 innotuerunt
600 3460 661 3510 tam
683 3470 723 3510 ex
746 3452 819 3510 urbe
840 3451 939 3511 Roma
961 3452 1114 3527 (Viscouti
1131 3447 1237 3530 111.
1255 3453 1308 3528 75)
1331 3473 1420 3531 quam

84 3573 126 3612 ex
150 3552 252 3611 insula
273 3550 427 3624 Sardinia,
454 3553 503 3611 ubi
529 3552 589 3610 vidi
614 3552 680 3628 ipse
704 3553 735 3612 in
762 3571 865 3612 museo
888 3552 1092 3632 Caglieritano
1118 3552 1237 3631 (Spano
1258 3557 1420 3633 11111111-

85 3656 192 3712 linurie
218 3656 303 3713 surde
327 3674 357 3731 p.
380 3655 468 3713 191.
491 3654 554 3730 35).
605 3653 740 3713 Eundem
768 3674 795 3712 a.
816 3655 854 3714 89
883 3657 1053 3731 provinciae
1080 3655 1228 3714 Thraciae
1253 3657 1421 3732 praefuisse

84 3758 218 3834 legatum
245 3755 315 3833 imp.
342 3755 510 3814 Domitiani
536 3773 631 3832 nuper
658 3757 789 3814 ostendit
817 3755 966 3816 decretum
994 3758 1139 3815 urbanum
1166 3749 1282 3835 insigne
1308 3759 1419 3817 editum

85 3859 146 3916 vol.
158 3857 204 3917 VI
218 3877 247 3916 n.
260 3856 353 3928 3828,
375 3875 445 3915 aero
459 3857 586 3915 incisum
601 3875 620 3914 a
634 3857 792 3916 Viscontio
808 3858 842 3932 (l.
859 3859 911 3933 1.),
934 3857 1010 3916 unde
1032 3860 1102 3916 item
1122 3859 1280 3918 didicimus
1303 3859 1419 3936 (quam-

84 3979 177 4036 quam
193 3958 416 4034 Marquardtius
439 3959 469 4016 iu
492 3977 605 4034 nupera
626 3959 829 4036 recognitione
851 3959 1159 4037 Stactavcmooltuapl
1178 3980 1207 4037 p.
1226 3961 1285 4020 314
1299 3961 1420 4020 invento

86 4079 163 4120 usus
185 4079 245 4120 uon
267 4061 325 4137 est)
347 4080 407 4120 nou
426 4060 601 4133 Traianum,
624 4070 657 4118 ut
679 4061 777 4120 adhuc
798 4063 979 4132 statuebant,
1002 4063 1053 4121 sed
1076 4062 1281 4121 Domitianum
1304 4063 1331 4121 ci
1352 4081 1420 4139 pro·
1444 4089 1447 4096 ·

84 4164 206 4222 vinciae
227 4163 359 4239 legatum
381 4162 508 4221 dedisse.
545 4161 683 4220 Eundem
705 4180 771 4221 esse
793 4165 1002 4241 proconsulem
1023 4165 1124 4224 nescio
1147 4165 1232 4223 cuius
1247 4167 1420 4242 provinciae

86 4264 239 4338 Quietum,
267 4283 356 4340 quem
378 4265 481 4323 laudat
503 4264 615 4322 amicus
638 4265 703 4324 eius
724 4263 904 4324 Plutarchus
928 4274 1044 4342 quaest.
1068 4265 1289 4339 11111.2,1,5,
1311 4269 1418 4344 proha·

84 4367 189 4426 biliter
209 4367 311 4442 posuit
332 4367 439 4444 Patzig
461 4365 589 4443 (quaest.
613 4366 818 4426 Plutarcheae.
843 4367 977 4426 Berolini
999 4367 1077 4426 1876
1100 4385 1129 4442 p.
1146 4367 1215 4442 48),
1240 4387 1420 4446 quamquam

85 4470 123 4528 de
149 4469 276 4527 lectibus
298 4488 358 4526 non
384 4469 457 4527 satis
484 4475 603 4527 constat
624 4468 854 4546 Macrobiusque
875 4469 955 4526 hunc
976 4469 1075 4526 locum
1097 4469 1264 4546 compilans
1287 4479 1320 4528 11
1340 4479 1421 4531 11111

84 4571 237 4629 hominem
256 4569 422 4629 Domitiani
441 4571 626 4647 temporibus
648 4569 840 4638 adiudicavit‚
862 4571 905 4628 ita
923 4589 1031 4628 nomen
1045 4570 1110 4627 eius
1126 4570 1204 4630 male
1218 4571 1249 4629 in
1263 4570 1299 4630 L.
1316 4571 1422 4646 Quinti

86 4671 229 4748 corrupit.
266 4669 347 4730 Nam
368 4671 431 4730 veri
454 4672 551 4730 slmile
573 4679 628 4744 est,
652 4679 685 4728 11
703 4671 859 4748 Patzigius
879 4673 1028 4746 exposuit,
1050 4671 1129 4730 hunc
1150 4672 1277 4730 alterum
1294 4691 1363 4732 esse
1382 4693 1421 4732 ex

85 4773 231 4831 fratribus
246 4773 370 4845 duobus,
387 4774 495 4848 quibus
507 4759 687 4832 Plutarchus
703 4773 810 4832 librum
825 4773 862 4831 de
876 4772 1007 4832 1111111111
1023 4792 1122 4831 amore
1138 4773 1290 4847 dedicarit,
1307 4773 1420 4850 Quinto

85 4907 126 4918 -
148 4874 241 4931 immo
264 4871 375 4947 Quieto
400 4907 441 4916 -
468 4883 498 4932 et
523 4875 660 4951 Nigrino,
688 4891 798 4950 eosque
824 4873 919 4932 fuisse
946 4875 1087 4948 Avidi0s3
1117 4875 1244 4953 denique
1268 4867 1363 4950 Kdver,
1389 4887 1423 4936 ut

86 4976 179 5036 estin
195 4975 265 5032 libri
280 4975 317 5033 de
333 4993 400 5036 sera
415 4977 543 5035 numinis
565 4976 694 5035 uindicta
716 4975 912 5048 dedicatione,
935 4984 964 5034 et
984 4977 1084 5055 ipsum
1107 4976 1280 5036 mumadam
1303 4996 1368 5036 esse
1389 4979 1420 5037 in

85 5067 190 5146 Κύητε.
228 5077 266 5134 Α.
288 5077 325 5136 97
349 5078 380 5136 11
403 5086 509 5136 111111
531 5079 707 5138 senteutiam
729 5077 797 5136 tulit
819 5077 951 5152 (Plinius
972 5097 1017 5154 ep.
1034 5079 1063 5152 9,
1082 5080 1128 5152 13,
1147 5077 1208 5153 13).
1246 5076 1331 5137 Obiit
1352 5087 1421 5140 ante

86 5199 113 5237 a.
132 5179 191 5237 107
214 5178 346 5255 (Plinius
361 5197 408 5255 ep.
425 5179 453 5252 6,
470 5178 520 5250 29,
538 5181 569 5252 1;
591 5181 629 5238 11.
652 5179 743 5239 iudex
765 5178 842 5238 Plin.
864 5199 894 5257 p.
911 5179 997 5256 403).
1033 5179 1113 5239 Huic
1134 5197 1201 5238 cum
1222 5179 1333 5256 legatio
1356 5181 1420 5242 Bri·

1 5333 2 5336 ,
86 5281 208 5341 launico
231 5299 257 5340 a.
274 5280 312 5341 98
335 5281 455 5359 egregie
477 5281 649 5356 conveniat,
676 5299 839 5360 cognomen
862 5282 1077 5360 supplemcutIs
1103 5285 1234 5340 luserere
1256 5301 1316 5342 non
1338 5281 1421 5343 dubi·
