3428 5970
327 609 401 680 486
788 629 942 680 nummu
968 629 1205 682 uouemere

325 811 441 880 gratum
469 822 515 862 me
542 803 689 862 facturum
715 811 789 882 puto
816 804 843 862 si
868 822 945 880 quse
972 804 1009 862 de
1030 805 1109 862 antri
1130 803 1259 862 historie
1279 810 1310 861 et
1331 811 1439 860 nature
1458 801 1534 860 inme
1552 821 1636 878 popu·

324 906 386 964 lum
414 913 514 964 teneat
540 925 708 964 narravero.
753 903 888 966 Credunt
916 915 1012 965 autern
1042 907 1206 982 antiquitus
1235 905 1394 963 Herculem
1424 921 1520 980 regem
1545 912 1636 979 poten·

326 1008 475 1066 tissimum
498 1028 565 1067 curn
587 1011 653 1084 ipse
675 1009 706 1066 in
728 1009 789 1067 elis
809 1009 877 1068 locu
899 1011 1040 1086 migraret
1061 1008 1196 1083 ingentes
1220 1026 1291 1066 suas
1313 1007 1435 1066 divitias
1455 1007 1516 1065 illic
1532 1006 1635 1066 relictus

325 1111 462 1169 daemoni
490 1111 606 1169 cuidem
633 1111 844 1170 custodiendas
871 1111 1046 1182 tradidisse,
1074 1111 1121 1168 cui
1148 1110 1247 1167 medis
1267 1117 1354 1168 nocte
1377 1109 1540 1166 bominibus
1558 1108 1635 1166 aliem

325 1212 393 1270 aliis
430 1213 565 1290 corporis
598 1214 725 1272 formam
758 1214 861 1272 induto
894 1213 989 1272 oculis
1023 1213 1194 1271 ardentibus
1226 1230 1400 1288 comperero
1432 1210 1531 1268 datum
1558 1219 1634 1268 esset.

325 1312 450 1374 Summa
470 1326 568 1374 eutem
591 1315 746 1390 diligentis
767 1335 834 1374 eum
858 1315 975 1392 vigilias
998 1332 1101 1391 agere,
1124 1333 1190 1372 oum
1213 1315 1238 1372 si
1262 1313 1308 1371 cui
1331 1314 1504 1372 thesaurum
1524 1312 1634 1389 diripere

325 1418 512 1496 contigisset,
541 1417 599 1492 ipsi
627 1417 718 1476 latum
745 1432 826 1476 esset
847 1418 999 1495 exstingui
1021 1427 1051 1474 et
1075 1418 1112 1474 ad
1132 1415 1260 1474 nihilum
1281 1415 1424 1474 recidere.
1469 1413 1636 1490 Quicumque

323 1540 395 1578 vero
419 1529 518 1578 tantae
539 1520 582 1578 rei
605 1521 766 1596 periculum
788 1521 910 1578 fecisset
931 1521 957 1577 si
980 1521 1017 1577 ad
1039 1520 1138 1594 ipsum
1155 1537 1216 1594 quo
1231 1517 1354 1576 divitiae
1369 1517 1535 1576 reconditae
1548 1531 1636 1576 esseut

323 1622 422 1680 locum
448 1623 646 1698 pervenisset,
675 1623 702 1680 ei
727 1623 802 1680 duas
830 1623 956 1698 proponi
981 1639 1066 1680 arces
1092 1621 1190 1679 forma
1211 1623 1289 1679 inter
1311 1639 1345 1679 se
1366 1619 1533 1678 simillimas
1553 1619 1636 1696 optio·

323 1743 450 1799 nemque
472 1725 536 1782 dari
558 1734 654 1782 utrem
677 1726 785 1802 aperiri
809 1724 915 1794 rellet3
942 1724 1050 1800 quodsi
1072 1723 1195 1782 alteram
1219 1723 1433 1798 significasset,
1458 1722 1490 1780 in
1510 1740 1565 1797 que
1582 1723 1637 1780 the

324 1844 431 1884 saurus
454 1845 513 1884 non
536 1835 623 1898 esset,
646 1827 714 1884 ilico
737 1827 841 1904 ingens
864 1825 1083 1884 mortiferarum
1105 1835 1293 1884 monstrosae
1312 1824 1523 1900 magnitudinis
1537 1842 1637 1881 musca·

322 1947 388 1986 rum
410 1947 536 1987 examen
558 1930 718 2001 exiturum,
741 1947 818 2004 quae
840 1937 870 1986 et
890 1929 987 2004 ipsum
1008 1937 1038 1986 et
1056 1945 1159 1986 omnes
1174 1928 1238 1986 eius
1253 1927 1385 2004 regionis
1400 1927 1516 1985 incolas
1530 1943 1638 2002 pessum

323 2031 422 2088 daret:
450 2031 596 2088 interdum
624 2033 723 2108 ipsum
751 2032 890 2090 bombum
919 2031 1136 2106 stridoremque
1164 2047 1334 2088 muscarum
1361 2048 1399 2086 ex
1428 2029 1504 2086 antri
1529 2027 1638 2086 latebris

322 2133 434 2210 percipi
457 2142 485 2191 et
505 2133 612 2190 audiri.
657 2131 742 2206 Quae
764 2133 866 2191 fabule
887 2133 925 2190 ed
946 2134 1026 2191 hunc
1048 2151 1143 2207 usque
1165 2131 1244 2190 diem
1267 2132 1389 2190 obtinet.

406 2235 586 2310 l'omptilloe
613 2235 740 2310 sepulcri
766 2235 977 2310 inscriptiones
1000 2243 1160 2310 antequam
1183 2252 1332 2310 propono,
1359 2233 1529 2291 adscribere
1553 2233 1641 2290 risum

323 2345 370 2396 est
391 2337 573 2412 epigramma
591 2337 653 2395 fere
672 2338 796 2414 aequale
812 2347 842 2395 et
855 2339 953 2412 ipsum
969 2337 1038 2394 vivo
1053 2355 1128 2394 saxo
1142 2337 1322 2413 insculptum
1338 2336 1369 2393 in
1385 2336 1525 2412 contiguo
1541 2345 1571 2392 ut
1584 2333 1640 2391 dixi

322 2439 437 2515 Berylli
459 2440 635 2512 conditorio,
657 2440 737 2514 quod
753 2449 781 2496 et
795 2440 891 2516 ipsum
912 2439 1014 2497 tabule
1034 2445 1248 2516 repraesentat.
1285 2438 1317 2496 ls
1341 2437 1447 2495 titulus
1468 2437 1537 2495 licet
1557 2436 1640 2494 cuiuis

322 2551 423 2619 pateat
437 2543 593 2618 expositus
608 2541 638 2600 in
652 2543 720 2600 loco
736 2543 811 2600 setis
826 2542 946 2611 celebri,
971 2540 1164 2599 nihilominus
1185 2560 1251 2598 curn
1274 2540 1354 2598 lectu
1374 2539 1505 2596 difficilis
1527 2540 1575 2606 sit,
1595 2538 1640 2594 ed·

322 2645 379 2702 huc
393 2645 523 2702 ineditus
540 2645 659 2703 mansit.
696 2643 783 2719 Legit
798 2663 863 2702 eum
880 2644 992 2720 primus
1013 2644 1064 2718 qui
1085 2651 1154 2701 ante
1176 2643 1290 2718 aliquot
1310 2659 1408 2700 annos
1425 2639 1555 2699 Celerim
1575 2641 1639 2698 adiit

322 2745 473 2804 Henricus
495 2746 660 2818 Nissenus3
690 2755 758 2822 post
786 2766 853 2805 eum
882 2764 939 2822 ego
966 2753 1077 2822 quante
1104 2745 1186 2820 potui
1215 2763 1285 2802 cure
1312 2763 1380 2801 eum
1409 2744 1526 2819 excepi;
1555 2762 1639 2818 nuper

321 2849 527 2908 Mommsenus
556 2849 671 2908 nostris
700 2849 844 2924 exemplis
871 2866 942 2908 usus
972 2855 1065 2906 totum
1093 2866 1159 2904 eum
1187 2845 1346 2922 expedivit.
1396 2845 1455 2904 Est
1480 2855 1575 2904 autern
1600 2845 1638 2902 sic

322 2959 494 3026 conceptus:
1263 2997 1267 3006 .

614 3049 718 3154 (N
887 3050 992 3156 Π
1291 3085 1475 3128 iren-rm

752 3191 822 3232 rvr
909 3173 969 3214 “di-
1013 3191 1131 3233 esurum
1194 3172 1253 3213 “tii
1291 3188 1413 3230 serrum
1429 3055 1528 3274 rsrlls

753 3279 822 3334 rull
914 3259 963 3296 ⁰²¹⁶
1009 3291 1136 3345 poneius
1172 3258 1276 3371 2¹:¹-

634 3341 694 3382 aedi·
888 3359 990 3374 ¹——

639 3427 688 3465 ΝΜ
728 3412 897 3456 seritius
921 3413 953 3455 ss
975 3413 1040 3456 ervo
1064 3412 1210 3455 renerum
1225 3426 1231 3440 ·
1249 3411 1413 3454 securri-err
1436 3410 1511 3453 sves

443 3517 587 3559 rvnuvs
728 3513 781 3555 sier
814 3513 897 3556 escrr
958 3487 1182 3570 'rosrsmsove
1226 3512 1288 3556 svrs

321 3806 383 3869 Sub
406 3827 441 3866 eo
463 3807 549 3866 titulo
571 3809 679 3866 litteris
702 3809 767 3867 aevi
791 3810 938 3884 sequioris
962 3809 1035 3869 alter
1058 3810 1186 3886 scriptus
1209 3817 1255 3868 est
1276 3809 1338 3867 hic:

941 4013 961 4052 n
1003 4015 1029 4054 ru

794 4115 970 4158 vetemus
997 4116 1088 4170 oves
1114 4116 1175 4157 vrx

794 4217 889 4258 suuis
904 4218 984 4258 xxxx
998 4215 1105 4260 corvos
1119 4219 1135 4259 e
1150 4219 1175 4259 n

817 4319 954 4361 nnnrrvs
976 4318 1061 4361 recrr

320 4489 368 4548 De
390 4491 433 4548 'iis
455 4491 507 4566 qui
529 4491 709 4569 Pomptillae
731 4491 835 4550 titulos
857 4497 926 4548 ante
947 4507 993 4546 me
1016 4489 1239 4566 descripserunt
1260 4489 1456 4548 edideruntre
1479 4491 1522 4548 sic
1543 4487 1577 4547 ad
1597 4506 1635 4545 me

320 4593 441 4669 scripsit
461 4593 679 4652 Mommsenus:

402 4690 462 4752 ‘Tu
484 4696 626 4768 quoniam
649 4696 708 4754 scis
732 4715 825 4773 nuper
847 4715 894 4752 me
916 4694 1036 4770 egregio
1060 4703 1110 4751 tuo
1133 4693 1280 4752 adiutorio
1303 4691 1351 4750 vel
1365 4695 1497 4752 maxime
1513 4694 1635 4752 subleve-

319 4805 382 4854 tum
408 4797 578 4854 thesaurum
601 4797 762 4856 Sardorum
790 4797 1018 4873 inscriptionum
1047 4803 1187 4872 quantum
1213 4795 1277 4854 fieri
1304 4803 1406 4872 potest
1432 4795 1635 4873 amplissimum

320 4899 525 4974 composuisse
546 4898 691 4956 edendum
714 4899 875 4975 aliquando
901 4899 930 4956 in
953 4897 1096 4972 Corporis
1117 4898 1344 4974 inscriptionum
1368 4897 1544 4956 Latinarum
1564 4897 1636 4956 rolu-

320 5001 401 5059 mine
429 5001 558 5071 decimo,
590 5001 650 5058 iam
678 5002 782 5059 horum
811 5001 961 5059 titulorum
991 4999 1205 5077 descriptorum
1234 4999 1440 5076 editorumque
1467 5001 1596 5059 ordinem
1620 5017 1634 5054 s

320 5123 368 5161 me
389 5103 535 5180 explicari
557 5103 693 5175 voluisti,
723 5113 835 5162 uttam
857 5113 908 5161 tus
929 5103 983 5160 tibi
1005 5101 1131 5160 referam
1151 5121 1242 5179 quam
1264 5101 1325 5159 alia
1347 5120 1468 5180 quoque
1489 5101 1632 5178 adiungam

320 5205 451 5263 fortasse
473 5226 491 5262 a
513 5226 559 5264 me
580 5205 690 5262 additu.
733 5205 773 5262 Et
794 5207 907 5280 primus
929 5204 1063 5280 quidem,
1087 5205 1138 5280 qui
1160 5205 1257 5280 ipsius
1278 5215 1358 5262 certe
1380 5204 1509 5280 sepulcri
1529 5203 1632 5262 titulun

321 5307 461 5366 maximis
487 5307 594 5366 litteris
621 5308 817 5386 perscriptum
843 5317 873 5366 et
899 5307 992 5366 cuivis
1018 5307 1209 5384 perspicuum
1230 5307 1354 5382 referat,
1377 5305 1528 5366 Carmous
1549 5314 1634 5364 aester
