3530 5972
337 625 413 698 536
912 639 1094 694 nouusnn

338 821 381 879 ita
411 819 442 878 in
475 817 733 878 administratione
762 815 899 875 Romana
930 816 1121 894 explananda
1148 816 1254 873 horum
1283 832 1437 872 munerum
1465 815 1650 873 consideratio

338 923 448 982 iustum
471 921 569 980 locum
591 921 651 980 iam
670 920 701 978 in
719 920 852 978 futurum
875 919 930 977 sibi
952 918 1122 978 vindicabit.
1156 917 1192 976 In
1214 935 1330 976 summa
1350 935 1384 974 ro
1405 917 1462 975 hoc
1482 917 1650 994 intellegitur

337 1024 518 1103 principales
545 1023 720 1099 adsignatos
747 1039 814 1080 esse
841 1021 935 1080 cuivis
962 1020 1097 1079 militiam
1120 1020 1301 1079 senatoriam
1322 1030 1528 1096 equestremve
1548 1021 1584 1078 ab
1602 1021 1650 1077 im·
1740 1009 1741 1064 l

338 1141 475 1203 peratore
496 1127 653 1196 adsecuto,
680 1124 809 1201 demptis
832 1132 931 1182 tamen
958 1116 1084 1182 sortasse
1105 1123 1233 1182 tribunis
1255 1123 1407 1200 legionum
1429 1122 1650 1200 angustielaviis,
1740 1117 1741 1130 .

337 1230 447 1307 quippe
468 1229 576 1306 quibus
598 1226 795 1286 beneficiariis
817 1234 896 1285 certe
918 1243 995 1302 opus
1018 1243 1076 1284 non
1092 1225 1220 1302 esset1).
1251 1225 1428 1284 Procuratio
1443 1223 1649 1300 provinciaram

338 1353 404 1390 curn
431 1331 602 1408 praesidatu
631 1330 789 1388 coniuncta
814 1348 879 1388 cum
907 1337 936 1386 et
962 1333 1029 1406 ipsa
1053 1329 1161 1387 militia
1182 1337 1278 1400 esset,
1306 1321 1430 1404 reliquis
1456 1345 1573 1405 quoqne
1591 1345 1651 1402 pro·
1740 1375 1741 1386 .

337 1435 523 1494 curatoribus
546 1451 605 1490 non
628 1432 815 1508 praesidibus
837 1431 964 1507 ideoque
986 1432 1022 1489 ab
1045 1431 1170 1509 imperio
1193 1431 1313 1489 militari
1335 1450 1390 1508 per
1411 1447 1445 1490 se
1465 1430 1569 1489 alienis
1586 1429 1652 1487 nibi-

337 1537 468 1594 lominus
491 1534 673 1612 principales
697 1534 932 1592 attribuebantur
958 1533 1061 1592 eodem
1087 1534 1203 1607 lavore,
1230 1551 1291 1610 qno
1317 1541 1473 1610 praeterea
1493 1552 1547 1608 per
1566 1533 1655 1590 omnia

336 1647 459 1698 utuntur
482 1645 584 1714 utpote
607 1637 696 1696 creati
713 1637 750 1694 ad
765 1635 1030 1695 administrandum
1053 1637 1240 1712 imperatoris
1262 1656 1325 1696 rem
1340 1639 1497 1714 privatam.
1526 1632 1653 1693 Ceterum
1740 1687 1741 1716 ἢ

337 1751 370 1798 ut
397 1749 514 1799 constat
541 1740 652 1799 milites
680 1739 839 1798 attributos
861 1756 930 1798 esse
952 1740 1194 1815 procuratoribus
1214 1739 1253 1798 iis
1276 1741 1326 1817 qui
1347 1738 1518 1814 provincias
1538 1739 1655 1814 impera·
1740 1719 1741 1764 t

336 1844 428 1902 torius
450 1842 709 1912 administrabant,
732 1842 774 1899 ita
796 1841 897 1900 missis
919 1842 950 1900 in
973 1843 1139 1901 senatorias
1161 1842 1332 1918 provincias
1354 1841 1482 1900 inermes
1501 1839 1653 1900 numidam
1740 1911 1741 1914 Ἴ

336 1947 384 2004 ius
407 1947 505 2018 suerit,
528 1945 650 2002 dubium
672 1953 726 2002 est.

419 2047 462 2107 Ut
483 2047 557 2106 nulli
578 2047 699 2106 fuerunt
712 2046 894 2124 principales
915 2048 953 2104 ab
968 2048 1148 2124 imperatore
1168 2049 1329 2125 nuncupati
1351 2045 1402 2122 (cf.
1418 2065 1447 2122 p.
1460 2047 1520 2104 400
1535 2067 1564 2105 n.
1577 2045 1654 2120 tta),
1740 2039 1741 2064 l

335 2153 378 2209 ita
398 2152 450 2226 qui
471 2150 549 2208 infra
574 2157 741 2226 equestrem
768 2149 904 2207 militiam
932 2149 1021 2225 positi
1044 2159 1113 2207 sunt
1138 2151 1325 2208 centuriones
1346 2149 1462 2225 ipsique
1484 2148 1655 2226 principales
1740 2155 1741 2208 l

334 2271 394 2310 uon
422 2253 518 2329 magis
545 2250 724 2329 principales
750 2251 860 2310 habent
881 2252 938 2310 sibi
961 2251 1134 2329 adsignatos
1167 2251 1250 2327 (nam
1272 2252 1355 2328 optio
1376 2251 1558 2310 centurionis
1579 2261 1607 2308 et
1625 2270 1653 2306 re

335 2363 365 2412 et
385 2363 518 2431 tempore
540 2354 676 2413 diversus
698 2353 756 2430 est)
779 2361 808 2411 et
825 2354 850 2412 si
873 2355 924 2430 qui
946 2354 982 2412 iis
1008 2355 1209 2412 attribuuntur
1230 2352 1383 2412 inferioris
1405 2353 1518 2430 gradus
1539 2353 1651 2422 milites,

334 2457 487 2516 adiutores
513 2456 652 2514 dicuntur
673 2456 719 2512 vel
744 2455 905 2528 discentes3
939 2457 998 2514 nisi
1021 2457 1100 2532 quod
1128 2477 1216 2514 unum
1243 2457 1363 2514 titulum
1387 2456 1527 2514 habemus
1550 2455 1653 2513 librarii

329 2563 483 2636 principis,
506 2557 542 2616 de
564 2576 623 2634 quo
646 2557 709 2615 dixi
733 2576 825 2634 supra
847 2577 876 2634 p.
893 2557 962 2616 232.

417 2661 633 2730 Proconsules,
667 2667 768 2736 utpote
798 2661 849 2735 qni
877 2661 989 2718 honore
1019 2669 1138 2718 utantur
1164 2679 1222 2719 non
1249 2662 1288 2719 ab
1316 2662 1497 2736 imperatore
1525 2661 1581 2720 sibi
1607 2661 1650 2718 tn'·

334 2765 421 2834 buto,
443 2782 498 2821 nec
520 2762 629 2821 milites
650 2781 704 2820 nec
725 2761 908 2840 principales
930 2780 1001 2822 suos
1024 2763 1133 2821 habere
1155 2764 1287 2839 potuisse
1310 2764 1380 2822 olim
1403 2763 1586 2822 intellectum
1603 2770 1651 2834 est,

334 2883 513 2942 quamquam
539 2883 617 2942 quae
643 2865 712 2922 inde
737 2873 894 2922 moventur
915 2864 1105 2924 difficultates
1128 2884 1316 2943 nequaquam
1339 2869 1414 2925 satis
1436 2865 1572 2925 sublatae
1592 2877 1654 2924 sunt

334 2977 365 3026 et
385 2967 513 3025 fortasse
535 2966 749 3025 admittendum
765 2966 822 3025 erit
836 2969 968 3041 armatis,
991 2987 1066 3045 quos
1080 2968 1182 3027 finium
1205 2967 1397 3028 tutandorum
1418 2987 1514 3028 cansa
1527 2970 1653 3028 civitates
1740 2965 1741 3032 l

334 3069 392 3129 sibi
414 3069 648 3141 constituebant,
671 3069 759 3127 etiam
780 3070 933 3146 praesides
955 3071 1020 3128 inre
1040 3069 1161 3130 militari
1184 3080 1321 3130 carentes
1344 3073 1386 3130 uti
1408 3074 1553 3147 potuisse.
1594 3071 1654 3130 Hoc

333 3172 412 3231 enim
427 3189 522 3252 genus
537 3172 669 3245 militiae,
685 3171 767 3248 quod
782 3189 874 3247 supra
886 3193 914 3249 p.
926 3173 984 3232 519
997 3174 1159 3250 tetigimus,
1174 3174 1238 3233 sine
1251 3173 1341 3232 dubio
1356 3174 1416 3232 late
1431 3175 1539 3251 patuit.
1566 3174 1612 3234 De
1622 3194 1653 3234 eo

332 3276 462 3362 fortasse
483 3274 624 3352 cogitavit
644 3273 795 3352 Ulpianus
818 3273 1106 3351 (Dtg.1,16,4,1),
1131 3276 1194 3334 ubi:
1216 3295 1295 3335 nemo
1313 3277 1535 3353 proconsulum,
1556 3279 1652 3354 inquit,

333 3386 469 3437 amatores
491 3396 556 3435 sune
572 3377 673 3434 babere
690 3387 792 3452 potest,
813 3377 863 3436 scd
875 3380 934 3434 oica
955 3395 1051 3436 eoram
1071 3380 1174 3438 milites
1195 3382 1351 3438 ministerio
1373 3382 1405 3437 tn
1414 3384 1575 3456 proviaciis
1589 3384 1651 3458 sna·

331 3489 445 3556 quatur.
479 3475 539 3538 Sed
561 3498 615 3538 nec
637 3479 710 3538 haec
731 3479 829 3537 obiter
850 3479 1006 3556 explanari
1023 3489 1153 3558 possunt
1174 3499 1228 3538 nec
1249 3481 1297 3540 hic
1318 3483 1513 3542 tractabimus
1535 3483 1574 3543 de
1594 3501 1651 3560 pro·

332 3581 507 3640 consulibua
541 3581 669 3654 duobus,
702 3581 752 3657 qui
779 3582 984 3656 exceptionem
1010 3582 1138 3656 faciunt,
1172 3581 1327 3644 Sardiniae
1354 3593 1384 3643 et
1409 3585 1540 3644 Airicae.
1583 3583 1652 3644 Nan

333 3682 474 3744 Sardinia
498 3701 679 3759 quamquam
707 3701 725 3738 a
746 3681 866 3742 Nerone
892 3683 930 3741 ad
952 3683 1149 3743 Commodum
1176 3705 1193 3742 a
1219 3688 1449 3761 proconsulibus
1474 3687 1651 3747 administra·
1740 3709 1741 3752 t

331 3787 429 3858 batur,
452 3785 644 3843 nihilominus
665 3785 753 3844 etiam
776 3803 811 3842 eo
833 3797 966 3862 tempore
987 3787 1085 3847 iustus
1108 3789 1257 3848 exercitus
1278 3777 1309 3848 in
1331 3789 1431 3848 insula
1445 3790 1517 3863 triu
1540 3791 1652 3849 Africae

333 3898 431 3947 autern
464 3888 626 3964 proconsul
653 3897 686 3945 ut
711 3897 778 3946 ante
806 3885 915 3947 Gaium
948 3889 1072 3966 imperio
1102 3891 1223 3949 militari
1251 3909 1322 3950 usus
1354 3903 1401 3950 est
1426 3891 1525 3952 iustae
1551 3891 1651 3970 legioni

332 3989 512 4065 auxiliisque
534 3991 598 4049 eius
621 4010 680 4048 non
704 3990 791 4048 aliter
809 3991 960 4066 imperans
982 3999 1070 4069 atque
1091 3993 1180 4070 legati
1197 3992 1301 4069 Syriae
1323 4003 1353 4052 et
1368 3993 1599 4054 Germaniarum
1617 3995 1651 4052 le·
1740 4049 1741 4076 ,

331 4092 470 4168 gionibus
493 4092 555 4150 suis
577 4093 777 4168 imperabant,
803 4093 845 4149 ita
866 4101 972 4170 postea
993 4112 1112 4170 quoqne
1134 4097 1260 4154 testibus
1282 4105 1342 4153 tam
1366 4095 1475 4155 Tacito
1497 4115 1587 4173 qnam
1606 4097 1650 4154 im-
1740 4079 1741 4108 l

331 4201 469 4272 peratore
481 4192 635 4254 Hadriano
650 4195 680 4253 in
696 4183 830 4254 oratione
841 4193 1073 4256 Lambaesitaua
1084 4206 1198 4272 partem
1214 4198 1344 4273 aliquam
1357 4199 1509 4259 exercitus
1523 4199 1648 4258 Africani

332 4315 431 4355 seeum
454 4297 568 4355 habuit.
600 4291 776 4373 ‘Aequatum
799 4293 967 4373 imperium'
989 4299 1066 4357 inter
1087 4299 1294 4375 proconsulem
1313 4301 1507 4378 legatumque
1530 4302 1650 4362 Africae,

331 4398 416 4458 ouius
433 4398 556 4457 Tacitus
579 4399 720 4471 meminit,
743 4419 811 4458 curn
833 4399 911 4458 tituli
934 4400 1077 4460 militares
1099 4403 1151 4476 qui
1171 4402 1268 4461 adhuc
1289 4422 1327 4462 ex
1345 4403 1451 4462 Africa
1468 4405 1651 4464 innotuemnt

331 4519 392 4559 non
419 4501 491 4558 satis
516 4501 707 4572 elucidarint,
734 4503 845 4578 prodiit
866 4521 961 4579 nuper
981 4503 1020 4561 ad
1042 4501 1182 4564 Simitthu
1211 4503 1313 4581 (hodie
1336 4504 1490 4582 Schemtu)
1518 4509 1649 4585 oppidum

331 4602 504 4678 provinciae
526 4603 750 4679 proconsularis
773 4604 873 4679 isqui
896 4605 1041 4679 sequitur,
1066 4623 1155 4681 quem
1180 4606 1304 4665 missum
1326 4607 1364 4665 ab
1385 4609 1500 4683 optimo
1523 4629 1648 4668 curamn
1740 4625 1741 4632 ¹

330 4712 502 4763 nostrarum
529 4705 665 4763 adiutore
693 4703 804 4764 Garolo
828 4705 933 4764 Tissot
958 4709 1098 4782 quoniam
1128 4707 1274 4786 syllogae'
1292 4718 1414 4768 nostrae
1442 4711 1574 4770 inserere
1600 4731 1648 4770 non

330 4807 483 4885 potuimus
505 4807 654 4865 volumine
676 4807 734 4865 iam
757 4807 905 4881 absoluto,
928 4808 984 4866 hoc
999 4809 1065 4868 loco
1079 4810 1206 4887 publice
1228 4811 1349 4870 edimus·
1366 4811 1486 4888 dignum
1509 4833 1591 4886 sane,
1604 4812 1647 4891 qui
1740 4831 1741 4878 1

329 4929 389 4968 non
412 4910 516 4968 lateat:

332 5103 534 5110 ——--—-

408 5242 431 5305 ¹)
457 5245 525 5295 Vide
544 5262 570 5309 p.
584 5245 636 5294 394
656 5245 716 5293 adn.
754 5245 809 5294 Hos
833 5261 934 5312 quoque
959 5255 1057 5298 creatos
1081 5262 1136 5299 esse
1160 5248 1193 5299 ab
1218 5251 1373 5314 imperatore
1397 5262 1472 5304 extra
1496 5251 1602 5303 dubium
1617 5259 1647 5301 est
1740 5249 1741 5252 ’

330 5335 392 5398 (vol.
406 5335 449 5386 111
467 5351 492 5386 n.
508 5337 574 5400 3³53
595 5336 627 5386 ci.
641 5333 798 5389 Stemmata
812 5339 836 5401 2,
852 5339 934 5401 254.).
1367 5347 1368 5352 ’
