<?xml version="1.0" encoding="UTF-8"?>
<!DOCTYPE html PUBLIC "-//W3C//DTD XHTML 1.0 Transitional//EN"
    "http://www.w3.org/TR/xhtml1/DTD/xhtml1-transitional.dtd">
<html xmlns="http://www.w3.org/1999/xhtml" xml:lang="en" lang="en">
 <head>
  <title>
</title>
<meta http-equiv="Content-Type" content="text/html;charset=utf-8" />
  <meta name='ocr-system' content='tesseract 3.04.00' />
  <meta name='ocr-capabilities' content='ocr_page ocr_carea ocr_par ocr_line ocrx_word'/>
</head>
<body>
  <div class='ocr_page' id='page_1' title='image "./ephemerisepigra10instgoog_0149.png"; bbox 0 0 3448 5970; ppageno 0'>
   <div class='ocr_carea' id='block_1_1' title="bbox 784 667 1230 718">
    <p class='ocr_par' dir='ltr' id='par_1_1' title="bbox 784 667 1230 718">
     <span class='ocr_line' id='line_1_1' title="bbox 784 667 1230 718; baseline -0.004 0"><span class='ocrx_word' id='word_1_1' title='bbox 784 667 1057 718; x_wconf 78' lang='lat' dir='ltr'>ADDITAMENTA</span> <span class='ocrx_word' id='word_1_2' title='bbox 1083 667 1167 718; x_wconf 80' lang='lat' dir='ltr'>VOL.</span> <span class='ocrx_word' id='word_1_3' title='bbox 1186 667 1230 717; x_wconf 85' lang='lat'>111</span> 
     </span>
    </p>
   </div>
   <div class='ocr_carea' id='block_1_2' title="bbox 675 961 1334 1041">
    <p class='ocr_par' dir='ltr' id='par_1_2' title="bbox 675 961 1334 1041">
     <span class='ocr_line' id='line_1_2' title="bbox 675 961 1334 1041; baseline -0.006 -17"><span class='ocrx_word' id='word_1_4' title='bbox 675 961 812 1025; x_wconf 77' lang='lat' dir='ltr'>sisela</span> <span class='ocrx_word' id='word_1_5' title='bbox 835 963 879 1040; x_wconf 85' lang='lat' dir='ltr'>(p.</span> <span class='ocrx_word' id='word_1_6' title='bbox 896 964 965 1024; x_wconf 86' lang='lat'>501.</span> <span class='ocrx_word' id='word_1_7' title='bbox 984 964 1073 1022; x_wconf 80' lang='lat'>1044.</span> <span class='ocrx_word' id='word_1_8' title='bbox 1097 963 1334 1041; x_wconf 80' lang='lat' dir='ltr'>Eph.11,413).</span> 
     </span>
    </p>
   </div>
   <div class='ocr_carea' id='block_1_3' title="bbox 336 1185 1662 1470">
    <p class='ocr_par' dir='ltr' id='par_1_3' title="bbox 336 1185 1662 1470">
     <span class='ocr_line' id='line_1_3' title="bbox 379 1185 1662 1264; baseline -0.003 -14"><span class='ocrx_word' id='word_1_9' title='bbox 379 1189 504 1250; x_wconf 75' lang='lat' dir='ltr'>Sisciam</span> <span class='ocrx_word' id='word_1_10' title='bbox 533 1209 598 1248; x_wconf 88' lang='lat' dir='ltr'>cum</span> <span class='ocrx_word' id='word_1_11' title='bbox 628 1205 784 1248; x_wconf 78' lang='lat' dir='ltr'>nossemus</span> <span class='ocrx_word' id='word_1_12' title='bbox 813 1197 842 1245; x_wconf 89' lang='lat' dir='ltr'>et</span> <span class='ocrx_word' id='word_1_13' title='bbox 870 1187 1008 1248; x_wconf 77' lang='lat' dir='ltr'>Flauiam</span> <span class='ocrx_word' id='word_1_14' title='bbox 1037 1197 1067 1246; x_wconf 88' lang='lat' dir='ltr'>et</span> <span class='ocrx_word' id='word_1_15' title='bbox 1094 1185 1286 1264; x_wconf 72' lang='lat' dir='ltr'>Sepfiminm,</span> <span class='ocrx_word' id='word_1_16' title='bbox 1315 1189 1375 1246; x_wconf 89' lang='lat' dir='ltr'>iam</span> <span class='ocrx_word' id='word_1_17' title='bbox 1403 1187 1521 1246; x_wconf 83' lang='lat' dir='ltr'>Aeliam</span> <span class='ocrx_word' id='word_1_18' title='bbox 1552 1207 1662 1264; x_wconf 86' lang='lat' dir='ltr'>quoque</span> 
     </span>
     <span class='ocr_line' id='line_1_4' title="bbox 336 1289 1662 1367; baseline -0.002 -15"><span class='ocrx_word' id='word_1_19' title='bbox 336 1293 445 1352; x_wconf 90' lang='lat' dir='ltr'>dictam</span> <span class='ocrx_word' id='word_1_20' title='bbox 474 1309 541 1350; x_wconf 91' lang='lat' dir='ltr'>esse</span> <span class='ocrx_word' id='word_1_21' title='bbox 571 1292 729 1350; x_wconf 83' lang='lat' dir='ltr'>didicimus</span> <span class='ocrx_word' id='word_1_22' title='bbox 759 1311 798 1350; x_wconf 83' lang='lat' dir='ltr'>ex</span> <span class='ocrx_word' id='word_1_23' title='bbox 826 1291 971 1349; x_wconf 87' lang='lat' dir='ltr'>laterculo</span> <span class='ocrx_word' id='word_1_24' title='bbox 1000 1291 1258 1367; x_wconf 85' lang='lat' dir='ltr'>praetorianorum</span> <span class='ocrx_word' id='word_1_25' title='bbox 1286 1309 1383 1366; x_wconf 85' lang='lat' dir='ltr'>nuper</span> <span class='ocrx_word' id='word_1_26' title='bbox 1408 1289 1524 1350; x_wconf 85' lang='lat' dir='ltr'>Romae</span> <span class='ocrx_word' id='word_1_27' title='bbox 1553 1301 1662 1367; x_wconf 84' lang='lat' dir='ltr'>reperto</span> 
     </span>
     <span class='ocr_line' id='line_1_5' title="bbox 336 1391 1084 1470; baseline -0.005 -16"><span class='ocrx_word' id='word_1_28' title='bbox 336 1393 371 1454; x_wconf 83' lang='lat' dir='ltr'>C.</span> <span class='ocrx_word' id='word_1_29' title='bbox 387 1395 441 1466; x_wconf 75' lang='lat' dir='ltr'>vi,</span> <span class='ocrx_word' id='word_1_30' title='bbox 458 1393 550 1467; x_wconf 70' lang='lat'><strong>2385,</strong></span> <span class='ocrx_word' id='word_1_31' title='bbox 566 1413 616 1466; x_wconf 67' lang='lat' dir='ltr'>aa</span> <span class='ocrx_word' id='word_1_32' title='bbox 638 1394 750 1469; x_wconf 87' lang='lat' dir='ltr'>scripto</span> <span class='ocrx_word' id='word_1_33' title='bbox 773 1395 939 1470; x_wconf 81' lang='lat' dir='ltr'>imperante</span> <span class='ocrx_word' id='word_1_34' title='bbox 962 1391 1084 1451; x_wconf 81' lang='lat' dir='ltr'>Severo.</span> 
     </span>
    </p>
   </div>
   <div class='ocr_carea' id='block_1_4' title="bbox 334 1613 1717 2597">
    <p class='ocr_par' dir='ltr' id='par_1_4' title="bbox 334 1613 1717 2086">
     <span class='ocr_line' id='line_1_6' title="bbox 334 1613 1661 1694; baseline -0.001 -19"><span class='ocrx_word' id='word_1_35' title='bbox 334 1616 400 1675; x_wconf 78' lang='lat'>471</span> <span class='ocrx_word' id='word_1_36' title='bbox 422 1617 459 1674; x_wconf 86' lang='lat' dir='ltr'>ad</span> <span class='ocrx_word' id='word_1_37' title='bbox 489 1637 518 1674; x_wconf 91' lang='lat' dir='ltr'>n.</span> <span class='ocrx_word' id='word_1_38' title='bbox 535 1616 625 1676; x_wconf 84' lang='lat'>3950.</span> <span class='ocrx_word' id='word_1_39' title='bbox 671 1615 755 1674; x_wconf 89' lang='lat' dir='ltr'>Hora</span> <span class='ocrx_word' id='word_1_40' title='bbox 783 1615 906 1674; x_wconf 86' lang='lat' dir='ltr'>dimidia</span> <span class='ocrx_word' id='word_1_41' title='bbox 934 1635 952 1672; x_wconf 90' lang='lat' dir='ltr'>a</span> <span class='ocrx_word' id='word_1_42' title='bbox 975 1613 1073 1674; x_wconf 78' lang='lat' dir='ltr'>Siscia</span> <span class='ocrx_word' id='word_1_43' title='bbox 1095 1625 1177 1674; x_wconf 86' lang='lat' dir='ltr'>trans</span> <span class='ocrx_word' id='word_1_44' title='bbox 1205 1613 1317 1674; x_wconf 88' lang='lat' dir='ltr'>Savum</span> <span class='ocrx_word' id='word_1_45' title='bbox 1340 1616 1370 1673; x_wconf 94' lang='lat' dir='ltr'>in</span> <span class='ocrx_word' id='word_1_46' title='bbox 1393 1616 1458 1672; x_wconf 86' lang='lat' dir='ltr'>vico</span> <span class='ocrx_word' id='word_1_47' title='bbox 1486 1615 1661 1694; x_wconf 84' lang='lat' dir='ltr'>Topolevetz</span> 
     </span>
     <span class='ocr_line' id='line_1_7' title="bbox 376 1717 1661 1796; baseline 0.001 -20"><span class='ocrx_word' id='word_1_48' title='bbox 376 1720 508 1796; x_wconf 87' lang='lat' dir='ltr'>repperit</span> <span class='ocrx_word' id='word_1_49' title='bbox 529 1718 627 1796; x_wconf 54' lang='lat' dir='ltr'>lagia</span> <span class='ocrx_word' id='word_1_50' title='bbox 655 1737 715 1794; x_wconf 92' lang='lat' dir='ltr'>quo</span> <span class='ocrx_word' id='word_1_51' title='bbox 741 1718 871 1776; x_wconf 89' lang='lat' dir='ltr'>rusticus</span> <span class='ocrx_word' id='word_1_52' title='bbox 896 1717 1016 1794; x_wconf 87' lang='lat' dir='ltr'>quidam</span> <span class='ocrx_word' id='word_1_53' title='bbox 1040 1717 1173 1776; x_wconf 86' lang='lat' dir='ltr'>narravit</span> <span class='ocrx_word' id='word_1_54' title='bbox 1194 1717 1325 1775; x_wconf 80' lang='lat' dir='ltr'>adlatam</span> <span class='ocrx_word' id='word_1_55' title='bbox 1347 1735 1415 1777; x_wconf 85' lang='lat' dir='ltr'>esse</span> <span class='ocrx_word' id='word_1_56' title='bbox 1437 1739 1477 1777; x_wconf 83' lang='lat' dir='ltr'>ex</span> <span class='ocrx_word' id='word_1_57' title='bbox 1499 1719 1569 1778; x_wconf 93' lang='lat' dir='ltr'>loco</span> <span class='ocrx_word' id='word_1_58' title='bbox 1592 1739 1620 1796; x_wconf 87' lang='lat' dir='ltr'>q.</span> <span class='ocrx_word' id='word_1_59' title='bbox 1640 1721 1661 1778; x_wconf 94' lang='lat' dir='ltr'>d.</span> 
     </span>
     <span class='ocr_line' id='line_1_8' title="bbox 375 1819 1717 1899; baseline 0.001 -21"><span class='ocrx_word' id='word_1_60' title='bbox 375 1819 545 1880; x_wconf 76' lang='lat' dir='ltr'>Budatevo.</span> <span class='ocrx_word' id='word_1_61' title='bbox 590 1821 653 1878; x_wconf 85' lang='lat' dir='ltr'>Iam</span> <span class='ocrx_word' id='word_1_62' title='bbox 677 1829 724 1880; x_wconf 86' lang='lat' dir='ltr'>est</span> <span class='ocrx_word' id='word_1_63' title='bbox 746 1821 776 1878; x_wconf 91' lang='lat' dir='ltr'>in</span> <span class='ocrx_word' id='word_1_64' title='bbox 800 1839 903 1878; x_wconf 90' lang='lat' dir='ltr'>museo</span> <span class='ocrx_word' id='word_1_65' title='bbox 926 1822 1116 1899; x_wconf 86' lang='lat' dir='ltr'>Agramensi.</span> <span class='ocrx_word' id='word_1_66' title='bbox 1161 1819 1333 1897; x_wconf 80' lang='lat' dir='ltr'>Descripsit</span> <span class='ocrx_word' id='word_1_67' title='bbox 1354 1821 1408 1892; x_wconf 89' lang='lat' dir='ltr'>sic,</span> <span class='ocrx_word' id='word_1_68' title='bbox 1430 1831 1463 1879; x_wconf 87' lang='lat' dir='ltr'>ut</span> <span class='ocrx_word' id='word_1_69' title='bbox 1484 1823 1546 1879; x_wconf 87' lang='lat' dir='ltr'>iam</span> <span class='ocrx_word' id='word_1_70' title='bbox 1571 1823 1663 1882; x_wconf 78' lang='lat' dir='ltr'>videar</span> <span class='ocrx_word' id='word_1_71' title='bbox 1716 1887 1717 1890; x_wconf 8' lang='grc' dir='ltr'><strong>Ἴ</strong></span> 
     </span>
     <span class='ocr_line' id='line_1_9' title="bbox 375 1921 1660 1984; baseline 0.002 -3"><span class='ocrx_word' id='word_1_72' title='bbox 375 1923 446 1981; x_wconf 90' lang='lat' dir='ltr'>mihi</span> <span class='ocrx_word' id='word_1_73' title='bbox 473 1943 531 1982; x_wconf 91' lang='lat' dir='ltr'>non</span> <span class='ocrx_word' id='word_1_74' title='bbox 559 1933 637 1982; x_wconf 84' lang='lat' dir='ltr'>recte</span> <span class='ocrx_word' id='word_1_75' title='bbox 665 1942 733 1981; x_wconf 84' lang='lat' dir='ltr'>eras</span> <span class='ocrx_word' id='word_1_76' title='bbox 760 1924 834 1982; x_wconf 85' lang='lat' dir='ltr'>dues</span> <span class='ocrx_word' id='word_1_77' title='bbox 860 1923 937 1982; x_wconf 86' lang='lat' dir='ltr'>hanc</span> <span class='ocrx_word' id='word_1_78' title='bbox 961 1933 991 1981; x_wconf 90' lang='lat' dir='ltr'>et</span> <span class='ocrx_word' id='word_1_79' title='bbox 1011 1943 1040 1982; x_wconf 92' lang='lat' dir='ltr'>n.</span> <span class='ocrx_word' id='word_1_80' title='bbox 1058 1921 1137 1982; x_wconf 84' lang='lat'>3942</span> <span class='ocrx_word' id='word_1_81' title='bbox 1161 1923 1197 1980; x_wconf 87' lang='lat' dir='ltr'>ad</span> <span class='ocrx_word' id='word_1_82' title='bbox 1220 1923 1346 1981; x_wconf 90' lang='lat' dir='ltr'>eundem</span> <span class='ocrx_word' id='word_1_83' title='bbox 1369 1923 1558 1984; x_wconf 87' lang='lat' dir='ltr'>dedicantem</span> <span class='ocrx_word' id='word_1_84' title='bbox 1581 1937 1660 1984; x_wconf 84' lang='lat' dir='ltr'>rettu-</span> 
     </span>
     <span class='ocr_line' id='line_1_10' title="bbox 373 2025 1086 2086; baseline 0.003 -4"><span class='ocrx_word' id='word_1_85' title='bbox 373 2025 459 2086; x_wconf 87' lang='lat' dir='ltr'>lisse:</span> <span class='ocrx_word' id='word_1_86' title='bbox 1083 2035 1086 2040; x_wconf 87' lang='lat'>&#39;</span> 
     </span>
    </p>

    <p class='ocr_par' dir='ltr' id='par_1_5' title="bbox 740 2143 1093 2597">
     <span class='ocr_line' id='line_1_11' title="bbox 940 2143 1062 2186; baseline -0.008 0"><span class='ocrx_word' id='word_1_87' title='bbox 940 2143 1062 2186; x_wconf 79' lang='lat' dir='ltr'><strong>1·0·m</strong></span> 
     </span>
     <span class='ocr_line' id='line_1_12' title="bbox 740 2245 1093 2316; baseline -0.003 -27"><span class='ocrx_word' id='word_1_88' title='bbox 740 2267 815 2316; x_wconf 72' lang='lat' dir='ltr'>aqua</span> <span class='ocrx_word' id='word_1_89' title='bbox 907 2247 926 2289; x_wconf 94' lang='lat' dir='ltr'>c</span> <span class='ocrx_word' id='word_1_90' title='bbox 956 2261 963 2274; x_wconf 94' lang='lat'><em>·</em></span> <span class='ocrx_word' id='word_1_91' title='bbox 997 2245 1093 2288; x_wconf 78' lang='lat' dir='ltr'>uvtvs</span> 
     </span>
     <span class='ocr_line' id='line_1_13' title="bbox 767 2349 1091 2392; baseline 0.012 -4"><span class='ocrx_word' id='word_1_92' title='bbox 767 2351 790 2388; x_wconf 77' lang='lat' dir='ltr'>tn</span> <span class='ocrx_word' id='word_1_93' title='bbox 904 2349 1091 2392; x_wconf 80' lang='lat' dir='ltr'>MODERATVS</span> 
     </span>
     <span class='ocr_line' id='line_1_14' title="bbox 749 2434 1060 2494; baseline 0.006 -2"><span class='ocrx_word' id='word_1_94' title='bbox 749 2434 811 2484; x_wconf 72' lang='lat'><em>⁹¹0⁶⁰</em></span> <span class='ocrx_word' id='word_1_95' title='bbox 944 2449 1060 2494; x_wconf 86' lang='lat' dir='ltr'>a·cos</span> 
     </span>
     <span class='ocr_line' id='line_1_15' title="bbox 858 2553 1037 2597; baseline 0.006 -2"><span class='ocrx_word' id='word_1_96' title='bbox 858 2557 869 2596; x_wconf 79' lang='lat'><strong>5</strong></span> <span class='ocrx_word' id='word_1_97' title='bbox 961 2553 983 2594; x_wconf 92' lang='lat' dir='ltr'>V</span> <span class='ocrx_word' id='word_1_98' title='bbox 999 2555 1037 2597; x_wconf 91' lang='lat' dir='ltr'>·S</span> 
     </span>
    </p>
   </div>
   <div class='ocr_carea' id='block_1_5' title="bbox 1180 2299 1228 2423">
    <p class='ocr_par' dir='ltr' id='par_1_6' title="bbox 1180 2299 1228 2423">
     <span class='ocr_line' id='line_1_16' title="bbox 1181 2299 1226 2347; baseline 0 -8"><span class='ocrx_word' id='word_1_99' title='bbox 1181 2299 1226 2347; x_wconf 78' lang='lat' dir='ltr'>sat-</span> 
     </span>
     <span class='ocr_line' id='line_1_17' title="bbox 1180 2393 1228 2423; baseline -0.021 0"><span class='ocrx_word' id='word_1_100' title='bbox 1180 2393 1228 2423; x_wconf 72' lang='lat' dir='ltr'>nien</span> 
     </span>
    </p>
   </div>
   <div class='ocr_carea' id='block_1_6' title="bbox 331 2747 1601 2829">
    <p class='ocr_par' dir='ltr' id='par_1_7' title="bbox 331 2747 1601 2829">
     <span class='ocr_line' id='line_1_18' title="bbox 331 2747 1601 2829; baseline 0.001 -21"><span class='ocrx_word' id='word_1_101' title='bbox 331 2748 403 2808; x_wconf 75' lang='lat'>472</span> <span class='ocrx_word' id='word_1_102' title='bbox 427 2747 541 2808; x_wconf 85' lang='lat' dir='ltr'>Sisciae</span> <span class='ocrx_word' id='word_1_103' title='bbox 563 2767 624 2824; x_wconf 91' lang='lat' dir='ltr'>rep.</span> <span class='ocrx_word' id='word_1_104' title='bbox 647 2749 679 2808; x_wconf 93' lang='lat' dir='ltr'>in</span> <span class='ocrx_word' id='word_1_105' title='bbox 700 2749 776 2808; x_wconf 89' lang='lat' dir='ltr'>colle</span> <span class='ocrx_word' id='word_1_106' title='bbox 797 2769 814 2808; x_wconf 89' lang='lat' dir='ltr'>e</span> <span class='ocrx_word' id='word_1_107' title='bbox 835 2751 958 2828; x_wconf 87' lang='lat' dir='ltr'>regione</span> <span class='ocrx_word' id='word_1_108' title='bbox 981 2753 1162 2824; x_wconf 84' lang='lat' dir='ltr'>coemeterii,</span> <span class='ocrx_word' id='word_1_109' title='bbox 1183 2769 1263 2811; x_wconf 91' lang='lat' dir='ltr'>nunc</span> <span class='ocrx_word' id='word_1_110' title='bbox 1284 2751 1410 2829; x_wconf 81' lang='lat' dir='ltr'>Agrami</span> <span class='ocrx_word' id='word_1_111' title='bbox 1431 2751 1462 2808; x_wconf 91' lang='lat' dir='ltr'>in</span> <span class='ocrx_word' id='word_1_112' title='bbox 1484 2769 1601 2809; x_wconf 88' lang='lat' dir='ltr'>museo.</span> 
     </span>
    </p>
   </div>
   <div class='ocr_carea' id='block_1_7' title="bbox 327 3009 1660 4538">
    <p class='ocr_par' dir='ltr' id='par_1_8' title="bbox 871 3009 1155 3357">
     <span class='ocr_line' id='line_1_19' title="bbox 871 3009 1127 3050; baseline -0.008 0"><span class='ocrx_word' id='word_1_113' title='bbox 871 3009 1010 3050; x_wconf 74' lang='lat' dir='ltr'>MART!</span> <span class='ocrx_word' id='word_1_114' title='bbox 1046 3009 1072 3050; x_wconf 74' lang='lat' dir='ltr'>a</span> <span class='ocrx_word' id='word_1_115' title='bbox 1114 3019 1127 3048; x_wconf 79' lang='lat' dir='ltr'><strong><em>r</em></strong></span> 
     </span>
     <span class='ocr_line' id='line_1_20' title="bbox 873 3109 1127 3162; baseline -0.008 -11"><span class='ocrx_word' id='word_1_116' title='bbox 873 3109 978 3152; x_wconf 72' lang='lat' dir='ltr'>monto</span> <span class='ocrx_word' id='word_1_117' title='bbox 1006 3110 1055 3152; x_wconf 77' lang='lat' dir='ltr'>NG</span> <span class='ocrx_word' id='word_1_118' title='bbox 1084 3110 1127 3162; x_wconf 70' lang='lat' dir='ltr'>Sia</span> 
     </span>
     <span class='ocr_line' id='line_1_21' title="bbox 872 3212 1155 3255; baseline 0.004 -2"><span class='ocrx_word' id='word_1_119' title='bbox 872 3213 941 3254; x_wconf 81' lang='lat' dir='ltr'>uvu</span> <span class='ocrx_word' id='word_1_120' title='bbox 961 3213 1028 3255; x_wconf 78' lang='lat' dir='ltr'>cvm</span> <span class='ocrx_word' id='word_1_121' title='bbox 1049 3212 1155 3254; x_wconf 77' lang='lat' dir='ltr'>setnauo</span> 
     </span>
     <span class='ocr_line' id='line_1_22' title="bbox 872 3313 1098 3357; baseline 0.004 -1"><span class='ocrx_word' id='word_1_122' title='bbox 872 3315 924 3356; x_wconf 81' lang='lat' dir='ltr'>tvu</span> <span class='ocrx_word' id='word_1_123' title='bbox 946 3313 1098 3357; x_wconf 75' lang='lat' dir='ltr'>Putcocun</span> 
     </span>
    </p>

    <p class='ocr_par' dir='ltr' id='par_1_9' title="bbox 818 3416 1098 3663">
     <span class='ocr_line' id='line_1_23' title="bbox 818 3416 1080 3460; baseline 0.015 -4"><span class='ocrx_word' id='word_1_124' title='bbox 818 3419 829 3456; x_wconf 80' lang='lat' dir='ltr'>s</span> <span class='ocrx_word' id='word_1_125' title='bbox 872 3416 938 3458; x_wconf 84' lang='lat' dir='ltr'>cvu</span> <span class='ocrx_word' id='word_1_126' title='bbox 968 3417 1009 3458; x_wconf 81' lang='grc' dir='ltr'>ινι</span> <span class='ocrx_word' id='word_1_127' title='bbox 1040 3419 1080 3460; x_wconf 79' lang='lat' dir='ltr'>oa</span> 
     </span>
     <span class='ocr_line' id='line_1_24' title="bbox 892 3517 1098 3562; baseline 0 -2"><span class='ocrx_word' id='word_1_128' title='bbox 892 3517 936 3561; x_wconf 87' lang='lat' dir='ltr'>co</span> <span class='ocrx_word' id='word_1_129' title='bbox 952 3518 1018 3561; x_wconf 79' lang='lat' dir='ltr'>unc</span> <span class='ocrx_word' id='word_1_130' title='bbox 1033 3519 1098 3562; x_wconf 81' lang='lat' dir='ltr'>ucu</span> 
     </span>
     <span class='ocr_line' id='line_1_25' title="bbox 872 3620 1096 3663; baseline 0.004 -1"><span class='ocrx_word' id='word_1_131' title='bbox 872 3620 893 3662; x_wconf 89' lang='lat' dir='ltr'>V</span> <span class='ocrx_word' id='word_1_132' title='bbox 946 3634 957 3663; x_wconf 75' lang='lat' dir='ltr'>a</span> <span class='ocrx_word' id='word_1_133' title='bbox 1013 3625 1022 3663; x_wconf 83' lang='lat'><em>1</em></span> <span class='ocrx_word' id='word_1_134' title='bbox 1077 3635 1096 3663; x_wconf 85' lang='lat' dir='ltr'>m</span> 
     </span>
    </p>

    <p class='ocr_par' dir='ltr' id='par_1_10' title="bbox 328 3741 709 3820">
     <span class='ocr_line' id='line_1_26' title="bbox 328 3741 709 3820; baseline 0.005 -20"><span class='ocrx_word' id='word_1_135' title='bbox 328 3743 412 3820; x_wconf 73' lang='lat' dir='ltr'>Iagid</span> <span class='ocrx_word' id='word_1_136' title='bbox 436 3741 596 3804; x_wconf 88' lang='lat' dir='ltr'>Sisciensis</span> <span class='ocrx_word' id='word_1_137' title='bbox 619 3744 709 3802; x_wconf 88' lang='lat' dir='ltr'>misit.</span> 
     </span>
    </p>

    <p class='ocr_par' dir='ltr' id='par_1_11' title="bbox 327 3845 1660 4538">
     <span class='ocr_line' id='line_1_27' title="bbox 373 3845 1660 3925; baseline 0.002 -23"><span class='ocrx_word' id='word_1_138' title='bbox 373 3847 397 3902; x_wconf 91' lang='lat'>1.</span> <span class='ocrx_word' id='word_1_139' title='bbox 420 3845 438 3903; x_wconf 75' lang='lat'><strong>2</strong></span> <span class='ocrx_word' id='word_1_140' title='bbox 466 3847 543 3904; x_wconf 85' lang='lat' dir='ltr'>redit</span> <span class='ocrx_word' id='word_1_141' title='bbox 569 3866 678 3905; x_wconf 87' lang='lat' dir='ltr'>numen</span> <span class='ocrx_word' id='word_1_142' title='bbox 705 3847 735 3903; x_wconf 92' lang='lat' dir='ltr'>in</span> <span class='ocrx_word' id='word_1_143' title='bbox 759 3846 826 3905; x_wconf 87' lang='lat' dir='ltr'>aliis</span> <span class='ocrx_word' id='word_1_144' title='bbox 849 3847 943 3904; x_wconf 89' lang='lat' dir='ltr'>titulis</span> <span class='ocrx_word' id='word_1_145' title='bbox 965 3847 1140 3905; x_wconf 84' lang='lat' dir='ltr'>Pannoniae</span> <span class='ocrx_word' id='word_1_146' title='bbox 1163 3849 1328 3925; x_wconf 89' lang='lat' dir='ltr'>superioris</span> <span class='ocrx_word' id='word_1_147' title='bbox 1351 3857 1381 3906; x_wconf 90' lang='lat' dir='ltr'>et</span> <span class='ocrx_word' id='word_1_148' title='bbox 1402 3846 1520 3920; x_wconf 82' lang='lat' dir='ltr'>Norici3</span> <span class='ocrx_word' id='word_1_149' title='bbox 1549 3851 1660 3908; x_wconf 87' lang='lat' dir='ltr'>scilicet</span> 
     </span>
     <span class='ocr_line' id='line_1_28' title="bbox 327 3946 1659 4027; baseline 0.003 -22"><span class='ocrx_word' id='word_1_150' title='bbox 327 3949 455 4006; x_wconf 90' lang='lat' dir='ltr'>innotuit</span> <span class='ocrx_word' id='word_1_151' title='bbox 476 3967 515 4006; x_wconf 83' lang='lat' dir='ltr'>ex</span> <span class='ocrx_word' id='word_1_152' title='bbox 539 3946 631 4008; x_wconf 87' lang='lat' dir='ltr'>Solva</span> <span class='ocrx_word' id='word_1_153' title='bbox 653 3947 736 4006; x_wconf 82' lang='lat' dir='ltr'>Mars</span> <span class='ocrx_word' id='word_1_154' title='bbox 754 3947 895 4007; x_wconf 82' lang='lat' dir='ltr'>Latobias</span> <span class='ocrx_word' id='word_1_155' title='bbox 910 3949 1088 4025; x_wconf 75' lang='lat' dir='ltr'>Harmoqios</span> <span class='ocrx_word' id='word_1_156' title='bbox 1107 3951 1210 4008; x_wconf 75' lang='lat' dir='ltr'>Teutas</span> <span class='ocrx_word' id='word_1_157' title='bbox 1232 3949 1320 4010; x_wconf 81' lang='lat' dir='ltr'>Sinas</span> <span class='ocrx_word' id='word_1_158' title='bbox 1335 3950 1488 4027; x_wconf 80' lang='lat' dir='ltr'>Mopeaiua</span> <span class='ocrx_word' id='word_1_159' title='bbox 1511 3951 1555 4027; x_wconf 88' lang='lat' dir='ltr'>(n.</span> <span class='ocrx_word' id='word_1_160' title='bbox 1569 3951 1659 4020; x_wconf 73' lang='lat'>5320,</span> 
     </span>
     <span class='ocr_line' id='line_1_29' title="bbox 327 4050 1659 4130; baseline 0.002 -21"><span class='ocrx_word' id='word_1_161' title='bbox 327 4051 379 4109; x_wconf 88' lang='lat' dir='ltr'>ubi</span> <span class='ocrx_word' id='word_1_162' title='bbox 407 4050 473 4107; x_wconf 91' lang='lat' dir='ltr'>vide</span> <span class='ocrx_word' id='word_1_163' title='bbox 501 4050 538 4107; x_wconf 88' lang='lat' dir='ltr'>de</span> <span class='ocrx_word' id='word_1_164' title='bbox 564 4051 691 4108; x_wconf 90' lang='lat' dir='ltr'>lectione</span> <span class='ocrx_word' id='word_1_165' title='bbox 717 4068 777 4108; x_wconf 91' lang='lat' dir='ltr'>non</span> <span class='ocrx_word' id='word_1_166' title='bbox 804 4059 867 4109; x_wconf 84' lang='lat' dir='ltr'>tota</span> <span class='ocrx_word' id='word_1_167' title='bbox 892 4050 1001 4126; x_wconf 84' lang='lat' dir='ltr'>certa),</span> <span class='ocrx_word' id='word_1_168' title='bbox 1028 4071 1066 4109; x_wconf 88' lang='lat' dir='ltr'>ex</span> <span class='ocrx_word' id='word_1_169' title='bbox 1094 4052 1288 4111; x_wconf 89' lang='lat' dir='ltr'>Andautonia</span> <span class='ocrx_word' id='word_1_170' title='bbox 1311 4053 1489 4129; x_wconf 78' lang='lat' dir='ltr'>Harmopiuc</span> <span class='ocrx_word' id='word_1_171' title='bbox 1514 4057 1659 4130; x_wconf 64' lang='lat' dir='ltr'>Augustas</span> 
     </span>
     <span class='ocr_line' id='line_1_30' title="bbox 328 4151 1659 4230; baseline 0.002 -21"><span class='ocrx_word' id='word_1_172' title='bbox 328 4153 371 4228; x_wconf 90' lang='lat' dir='ltr'>(n.</span> <span class='ocrx_word' id='word_1_173' title='bbox 393 4153 505 4228; x_wconf 76' lang='lat'>4014),</span> <span class='ocrx_word' id='word_1_174' title='bbox 536 4171 575 4211; x_wconf 83' lang='lat' dir='ltr'>ex</span> <span class='ocrx_word' id='word_1_175' title='bbox 604 4151 730 4211; x_wconf 83' lang='lat' dir='ltr'>Fafiana</span> <span class='ocrx_word' id='word_1_176' title='bbox 756 4153 937 4229; x_wconf 74' lang='lat' dir='ltr'>Marmoqiaa</span> <span class='ocrx_word' id='word_1_177' title='bbox 963 4153 1006 4227; x_wconf 92' lang='lat' dir='ltr'>(n.</span> <span class='ocrx_word' id='word_1_178' title='bbox 1027 4153 1108 4212; x_wconf 81' lang='lat'>5672</span> <span class='ocrx_word' id='word_1_179' title='bbox 1133 4179 1170 4204; x_wconf 88' lang='lat'>=</span> <span class='ocrx_word' id='word_1_180' title='bbox 1194 4154 1270 4229; x_wconf 85' lang='lat' dir='ltr'>Eph.</span> <span class='ocrx_word' id='word_1_181' title='bbox 1292 4155 1322 4212; x_wconf 89' lang='lat' dir='ltr'>ll</span> <span class='ocrx_word' id='word_1_182' title='bbox 1352 4175 1379 4212; x_wconf 95' lang='lat' dir='ltr'>n.</span> <span class='ocrx_word' id='word_1_183' title='bbox 1401 4153 1486 4230; x_wconf 86' lang='lat'>988).</span> <span class='ocrx_word' id='word_1_184' title='bbox 1536 4156 1659 4215; x_wconf 81' lang='lat' dir='ltr'>Accedit</span> 
     </span>
     <span class='ocr_line' id='line_1_31' title="bbox 328 4254 1658 4332; baseline 0.001 -19"><span class='ocrx_word' id='word_1_185' title='bbox 328 4264 435 4332; x_wconf 84' lang='lat' dir='ltr'>quarta</span> <span class='ocrx_word' id='word_1_186' title='bbox 459 4255 532 4312; x_wconf 86' lang='lat' dir='ltr'>haec</span> <span class='ocrx_word' id='word_1_187' title='bbox 558 4255 589 4312; x_wconf 92' lang='lat' dir='ltr'>in</span> <span class='ocrx_word' id='word_1_188' title='bbox 617 4255 713 4330; x_wconf 83' lang='lat' dir='ltr'>prima</span> <span class='ocrx_word' id='word_1_189' title='bbox 739 4254 839 4313; x_wconf 80' lang='lat' dir='ltr'>littera</span> <span class='ocrx_word' id='word_1_190' title='bbox 865 4275 931 4313; x_wconf 90' lang='lat' dir='ltr'>cum</span> <span class='ocrx_word' id='word_1_191' title='bbox 954 4255 1128 4314; x_wconf 84' lang='lat' dir='ltr'>Fafianensi</span> <span class='ocrx_word' id='word_1_192' title='bbox 1155 4266 1239 4315; x_wconf 88' lang='lat' dir='ltr'>stans</span> <span class='ocrx_word' id='word_1_193' title='bbox 1267 4265 1370 4316; x_wconf 87' lang='lat' dir='ltr'>contra</span> <span class='ocrx_word' id='word_1_194' title='bbox 1395 4257 1471 4315; x_wconf 89' lang='lat' dir='ltr'>duos</span> <span class='ocrx_word' id='word_1_195' title='bbox 1493 4257 1572 4316; x_wconf 86' lang='lat' dir='ltr'>alios</span> <span class='ocrx_word' id='word_1_196' title='bbox 1593 4259 1658 4316; x_wconf 85' lang='lat' dir='ltr'>titu-</span> 
     </span>
     <span class='ocr_line' id='line_1_32' title="bbox 327 4346 1658 4450; baseline 0 -34"><span class='ocrx_word' id='word_1_197' title='bbox 327 4359 382 4417; x_wconf 91' lang='lat' dir='ltr'>los.</span> <span class='ocrx_word' id='word_1_198' title='bbox 399 4391 440 4402; x_wconf 91' lang='lat'><em>-</em></span> <span class='ocrx_word' id='word_1_199' title='bbox 461 4357 478 4416; x_wconf 88' lang='lat'><strong>3</strong></span> <span class='ocrx_word' id='word_1_200' title='bbox 504 4346 574 4450; x_wconf 65' lang='lat' dir='ltr'>sup(</span> <span class='ocrx_word' id='word_1_201' title='bbox 584 4358 723 4429; x_wconf 64' lang='lat' dir='ltr'>traditum</span> <span class='ocrx_word' id='word_1_202' title='bbox 746 4359 826 4434; x_wconf 90' lang='lat' dir='ltr'>quod</span> <span class='ocrx_word' id='word_1_203' title='bbox 849 4358 917 4416; x_wconf 89' lang='lat' dir='ltr'>dedi</span> <span class='ocrx_word' id='word_1_204' title='bbox 938 4360 1192 4418; x_wconf 87' lang='lat' dir='ltr'>accommodatum</span> <span class='ocrx_word' id='word_1_205' title='bbox 1215 4369 1262 4418; x_wconf 89' lang='lat' dir='ltr'>cst</span> <span class='ocrx_word' id='word_1_206' title='bbox 1283 4361 1321 4419; x_wconf 88' lang='lat' dir='ltr'>ad</span> <span class='ocrx_word' id='word_1_207' title='bbox 1338 4359 1540 4419; x_wconf 87' lang='lat' dir='ltr'>Veroncneem</span> <span class='ocrx_word' id='word_1_208' title='bbox 1563 4361 1620 4419; x_wconf 79' lang='lat' dir='ltr'>vol.</span> <span class='ocrx_word' id='word_1_209' title='bbox 1634 4359 1658 4416; x_wconf 84' lang='lat' dir='ltr'>V</span> 
     </span>
     <span class='ocr_line' id='line_1_33' title="bbox 327 4459 1450 4538; baseline 0.004 -21"><span class='ocrx_word' id='word_1_210' title='bbox 327 4479 356 4518; x_wconf 90' lang='lat' dir='ltr'>n.</span> <span class='ocrx_word' id='word_1_211' title='bbox 371 4459 463 4518; x_wconf 73' lang='lat'><strong>3929.</strong></span> <span class='ocrx_word' id='word_1_212' title='bbox 479 4492 519 4500; x_wconf 95' lang='lat'>—</span> <span class='ocrx_word' id='word_1_213' title='bbox 543 4459 560 4516; x_wconf 86' lang='lat'>6</span> <span class='ocrx_word' id='word_1_214' title='bbox 584 4460 726 4538; x_wconf 85' lang='lat' dir='ltr'>magister</span> <span class='ocrx_word' id='word_1_215' title='bbox 748 4461 905 4519; x_wconf 85' lang='lat' dir='ltr'>cuiusnam</span> <span class='ocrx_word' id='word_1_216' title='bbox 928 4461 1046 4538; x_wconf 81' lang='lat' dir='ltr'>collegii</span> <span class='ocrx_word' id='word_1_217' title='bbox 1068 4461 1116 4519; x_wconf 91' lang='lat' dir='ltr'>hic</span> <span class='ocrx_word' id='word_1_218' title='bbox 1138 4462 1316 4534; x_wconf 82' lang='lat' dir='ltr'>nominetur,</span> <span class='ocrx_word' id='word_1_219' title='bbox 1339 4464 1450 4521; x_wconf 89' lang='lat' dir='ltr'>nescio.</span> 
     </span>
    </p>
   </div>
   <div class='ocr_carea' id='block_1_8' title="bbox 326 4668 1635 4751">
    <p class='ocr_par' dir='ltr' id='par_1_12' title="bbox 326 4668 1635 4751">
     <span class='ocr_line' id='line_1_34' title="bbox 326 4668 1635 4751; baseline 0.001 -23"><span class='ocrx_word' id='word_1_220' title='bbox 326 4669 399 4729; x_wconf 74' lang='lat'>473</span> <span class='ocrx_word' id='word_1_221' title='bbox 418 4668 545 4729; x_wconf 83' lang='lat' dir='ltr'>fortusse</span> <span class='ocrx_word' id='word_1_222' title='bbox 560 4669 751 4746; x_wconf 89' lang='lat' dir='ltr'>superposita</span> <span class='ocrx_word' id='word_1_223' title='bbox 764 4670 821 4730; x_wconf 82' lang='lat' dir='ltr'>fuit</span> <span class='ocrx_word' id='word_1_224' title='bbox 835 4671 1032 4749; x_wconf 87' lang='lat' dir='ltr'>praecedenti.</span> <span class='ocrx_word' id='word_1_225' title='bbox 1068 4671 1185 4733; x_wconf 88' lang='lat' dir='ltr'>Sisciae</span> <span class='ocrx_word' id='word_1_226' title='bbox 1200 4693 1260 4751; x_wconf 88' lang='lat' dir='ltr'>rep.</span> <span class='ocrx_word' id='word_1_227' title='bbox 1278 4675 1402 4750; x_wconf 84' lang='lat' dir='ltr'>Agrami</span> <span class='ocrx_word' id='word_1_228' title='bbox 1418 4681 1464 4733; x_wconf 85' lang='lat' dir='ltr'>eat</span> <span class='ocrx_word' id='word_1_229' title='bbox 1479 4675 1510 4732; x_wconf 93' lang='lat' dir='ltr'>in</span> <span class='ocrx_word' id='word_1_230' title='bbox 1526 4690 1635 4732; x_wconf 87' lang='lat' dir='ltr'>museo.</span> 
     </span>
    </p>
   </div>
   <div class='ocr_carea' id='block_1_9' title="bbox 859 4909 1166 5260">
    <p class='ocr_par' dir='ltr' id='par_1_13' title="bbox 907 4909 1076 4954">
     <span class='ocr_line' id='line_1_35' title="bbox 907 4909 1076 4954; baseline 0.012 -3"><span class='ocrx_word' id='word_1_231' title='bbox 907 4909 956 4952; x_wconf 90' lang='lat' dir='ltr'>s·</span> <span class='ocrx_word' id='word_1_232' title='bbox 985 4911 999 4951; x_wconf 88' lang='lat' dir='ltr'>s</span> <span class='ocrx_word' id='word_1_233' title='bbox 1027 4911 1076 4954; x_wconf 90' lang='lat' dir='ltr'>·s</span> 
     </span>
    </p>

    <p class='ocr_par' dir='ltr' id='par_1_14' title="bbox 859 4999 1166 5260">
     <span class='ocr_line' id='line_1_36' title="bbox 859 4999 1166 5058; baseline 0.01 -3"><span class='ocrx_word' id='word_1_234' title='bbox 859 5025 861 5032; x_wconf 50' lang='lat'><strong><em>⁴</em></strong></span> <span class='ocrx_word' id='word_1_235' title='bbox 907 4999 1077 5058; x_wconf 81' lang='lat' dir='ltr'>tvntt</span> <span class='ocrx_word' id='word_1_236' title='bbox 1160 5003 1166 5016; x_wconf 81' lang='lat'><em>⁰</em></span> 
     </span>
     <span class='ocr_line' id='line_1_37' title="bbox 907 5101 1077 5160; baseline 0.012 -2"><span class='ocrx_word' id='word_1_237' title='bbox 907 5101 1077 5160; x_wconf 78' lang='lat' dir='ltr'>tattsussn</span> 
     </span>
     <span class='ocr_line' id='line_1_38' title="bbox 907 5219 1076 5260; baseline -0.006 0"><span class='ocrx_word' id='word_1_238' title='bbox 907 5219 1076 5260; x_wconf 58' lang='lat' dir='ltr'>emtam</span> 
     </span>
    </p>
   </div>
   <div class='ocr_carea' id='block_1_10' title="bbox 324 5354 730 5435">
    <p class='ocr_par' dir='ltr' id='par_1_15' title="bbox 324 5354 730 5435">
     <span class='ocr_line' id='line_1_39' title="bbox 324 5354 730 5435; baseline -0.007 -20"><span class='ocrx_word' id='word_1_239' title='bbox 324 5355 409 5435; x_wconf 76' lang='lat' dir='ltr'>Iagid</span> <span class='ocrx_word' id='word_1_240' title='bbox 432 5354 590 5416; x_wconf 91' lang='lat' dir='ltr'>Sisciensis</span> <span class='ocrx_word' id='word_1_241' title='bbox 614 5357 730 5414; x_wconf 88' lang='lat' dir='ltr'>misit..</span> 
     </span>
    </p>
   </div>
   <div class='ocr_carea' id='block_1_11' title="bbox 0 0 1728 5970">
    <p class='ocr_par' dir='ltr' id='par_1_16' title="bbox 0 0 1728 5970">
     <span class='ocr_line' id='line_1_40' title="bbox 0 0 1728 5970; baseline 0 2"><span class='ocrx_word' id='word_1_242' title='bbox 0 0 1728 5970; x_wconf 95' lang='lat' dir='ltr'> </span> 
     </span>
    </p>
   </div>
  </div>
 </body>
</html>
